1974 3344
804 259 1037 308 ..33-

271 376 378 437 tiam
421 379 629 433 familiam
681 381 920 446 adoptione
972 399 997 430 e
1038 385 1203 431 Licinia
1252 381 1384 446 gente
1437 391 1563 432 tran-

267 463 395 509 sierat
423 465 496 510 cui
534 455 711 508 Murena
748 453 995 521 cognomen
1031 449 1258 527 familiare>
1275 469 1368 506 erat
1400 461 1562 521 (hujus

203 549 206 555 ⁴
264 543 432 599 saepius
462 541 616 585 Cicero
652 540 917 583 mentionem
932 537 1054 583 ⁷facit
1085 537 1130 582 in
1158 525 1357 601 'Epistolisf
1389 528 1448 582 ad
1483 523 1562 582 bi.

265 633 407 663 versos
435 617 540 675 (1)
571 608 818 680 ethighius
855 614 978 658 illum
1009 613 1126 658 inter
1159 605 1410 673 quaestores
1449 614 1561 667 Pro·⁴

265 695 470 739 vinciales
501 691 724 750 recenset)
765 691 990 749 filiumque
1024 685 1203 744 habuit,
1236 690 1315 749 qui
1348 690 1430 742 sub
1462 688 1565 736 Aua

205 800 208 803 -
264 777 389 828 gusto
429 769 618 815 Salassos
657 769 761 815 vicit
798 775 841 812 et
871 773 1024 826 postea
1053 767 1333 820 Consulatum
1372 764 1560 827 adeptus

225 855 230 860 ’
264 852 344 891 est.
374 870 432 879 —
460 846 515 890 Μ.
545 846 767 890 Terentius
790 840 933 888 Varro
960 842 1165 884 Lucullus
1198 857 1224 885 e
1260 844 1424 887 Licinia
1451 860 1558 903 gen-.-

264 928 307 965 te
332 922 378 964 in
407 920 705 963 Terentiorum
737 917 948 969 familiam
979 917 1206 959 transierat
1241 924 1285 960 et
1314 919 1451 963 frater
1477 922 1562 963 mi-

262 1012 346 1041 nor
379 1002 472 1039 erat
502 994 550 1037 L.
585 991 739 1036 Licinii
769 991 969 1044 Luculli,
996 1006 1191 1050 quocum
1215 992 1379 1038 Aedilis
1420 987 1567 1039 curu-⁷

262 1073 314 1116 lis
345 1070 485 1116 factus
524 1073 616 1122 est,
659 1069 733 1114 hic
771 1069 958 1128 primum
996 1082 1175 1112 scenam
1217 1070 1458 1114 versatilem
1498 1072 1564 1114 fe·

265 1149 326 1193 cit
356 1150 464 1205 (2)
496 1153 541 1189 et
577 1142 736 1189 deinde
763 1132 1120 1213 Consul‘ereat'us
1143 1160 1245 1190 eum
1272 1146 1419 1192 Cassio
1446 1149 1561 1196 Var-

262 1238 370 1268 rone
417 1237 533 1267 anno
577 1220 628 1265 U.
664 1221 714 1266 C.
743 1215 847 1268 680.
887 1222 1027 1279 legem
1063 1220 1387 1268 frumentariam
1427 1214 1556 1278 tulit,

263 1313 380 1359 quae
402 1297 465 1342 >ab
491 1297 573 1341 illis
599 1298 670 1340 lex
693 1297 890 1365 Terentia
924 1299 1068 1343 Cassia
1100 1290 1221 1345 dicta
1247 1290 1309 1343 est
1336 1301 1468 1358 (5).

329 1375 524 1433 Denique
556 1374 676 1432 apud
718 1372 975 1418 Ciceronem
1013 1376 1206 1420 occurrit
1245 1365 1301 1420 Π.
1336 1377 1556 1441 Terentius

263 1454 404 1501 Varro
431 1451 570 1496 Gibba
587 1481 600 1502 ‚
632 1457 836 1510 quaestor
862 1449 983 1496 Bruti
1005 1452 1218 1497 Praetoris
1237 1454 1285 1498 in
1309 1453 1451 1501 Gallia
1479 1444 1559 1499 Ci-

261 1530 430 1588 salpina
465 1527 483 1586 (
497 1528 526 1573 4
543 1527 579 1585 ).

316 1604 372 1649 lii
400 1604 498 1663 jam
537 1604 762 1661 praecipui
804 1603 1005 1649 videntur
1045 1605 1172 1650 fuisse
1202 1598 1445 1665 Varrones‚
1477 1608 1558 1666 qui

261 1697 286 1725 e
309 1681 444 1726 Gente
468 1680 665 1723 Terentia
700 1677 1026 1732 inclaruerunt,
1060 1672 1286 1742 videamus
1312 1667 1370 1727 de
1400 1683 1451 1728 C.
1476 1684 1560 1728 Te-

261 1757 402 1800 rentio
434 1755 634 1801 Varrone
675 1754 801 1812 cujus
836 1756 969 1799 vitam
996 1747 1332 1802 describendam
1369 1756 1563 1819 suscepi.

262 1847 374 1878 mus.

320 1908 526 1965 Quamvis
550 1921 604 1951 eo
628 1913 847 1965 tempore,
879 1921 970 1964 quo
1003 1909 1143 1954 Varro
1179 1917 1307 1953 natus
1340 1919 1429 1964 est,
1461 1913 1559 1957 Ro-

260 2001 359 2030 mae
400 1985 597 2029 nondum
635 1982 852 2028 florerent*
884 1983 1041 2028 artium
1091 1984 1334 2030 liberalium
1378 1989 1551 2042 studia,

260 2062 455 2120 inprimis
497 2066 643 2102 tamen
674 2059 907 2105 liberorum
943 2066 1061 2101 recte
1098 2061 1427 2106 educan‘dorum
1472 2065 1556 2108 ha-

259 2138 450 2186 bebatur
508 2138 635 2180 ratio.
715 2135 820 2179 Post
864 2135 1150 2186 domesticam
1212 2137 1518 2184 educationem
1537 2171 1552 2193 ,

1501 2217 1555 2261 li·

308 2335 382 2383 (1)
408 2334 485 2374 Cic.
508 2334 556 2373 ad
585 2335 763 2375 Diversos
781 2332 887 2370 XVI.
914 2346 970 2373 u.
1007 2331 1117 2375 xm.
1139 2348 1195 2377 υ.

236 2408 239 2412 ’
311 2401 356 2447 (2
376 2400 388 2445 )
414 2398 513 2439 Plin.
538 2403 635 2443 nist.
658 2402 743 2443 Nat.
766 2401 833 2442 lib.
849 2400 958 2442 VIII.
995 2411 1078 2453 cap.
1096 2416 1127 2450 7.
1158 2400 1288 2446 valer.
1312 2402 1415 2449 Max.
1437 2404 1505 2448 lih.
1521 2419 1554 2449 s.

264 2475 344 2513 cap,
370 2467 407 2508 4.
437 2467 473 2502 6.
1338 2465 1342 2470 ‘

312 2530 381 2578 (3)
408 2529 488 2575 Cic.
509 2531 550 2568 in
576 2532 731 2570 Verrem
755 2545 836 2581 cap.
855 2543 891 2577 7.
993 2567 1001 2574 .

309 2596 382 2644 (4)
407 2595 484 2635 Cic.
508 2595 556 2634 ad
580 2595 756 2635 Diversos
772 2596 879 2636 Xln.
906 2595 970 2647 Ep.
992 2604 1046 2638 ιο.
1115 2587 1124 2595 ”

1055 2665 1085 2707 5
