1974 3344
786 301 1012 349 ..ωφ

247 437 390 482 quum
405 423 631 483 imperium
655 424 701 468 in
719 437 883 469 annum
906 424 947 468 ei
960 430 1256 484 prorogatum
1271 430 1321 468 et
1346 421 1456 469 nihil
1470 420 1540 466 de

248 501 438 545 exercitu
468 514 601 557 quem
629 499 820 542 babebat
845 498 1107 545 diminutum
1135 503 1204 545 sit.
1252 501 1464 544 Deindea
1488 499 1538 543 Τ.

246 575 512 632 Sempronio
530 573 731 618 Graccho
757 579 801 616 et
834 572 970 617 Fabio
998 575 1185 620 Maximo
1212 576 1358 619 denuo
1386 578 1539 633 copias

197 657 226 716 J
246 651 562 703 dividentibus,
589 650 635 692 in
661 651 870 707 Apuliam
892 651 1041 695 missus
1062 658 1133 702 est
1153 652 1224 696 lu.-
1238 652 1432 697 Valerius
1461 651 1541 707 qui

249 730 467 786 acciperet
492 727 725 772 exercitum
740 758 752 778 ,
786 727 860 771 eui
879 726 1396 785 Terentiuspraepositus
1418 731 1512 771 erat
1526 755 1540 776 ‚

248 806 353 849 dum
373 804 480 860 :huic
507 794 1007 861 Proconsulinegotium
1031 804 1408 857 daretur-,Piceno
1432 815 1541 859 agro

248 881 465 940 praesidio
496 892 586 923 esse
618 877 768 935 ibique
796 879 1159 936 conquisitionem
1195 877 1377 923 militum
1403 878 1542 922 habe·-

250 972 298 1001 re
319 957 336 1014 (
354 972 372 1000 ι
390 956 428 1014 ).
472 954 676 1004 Habilior
697 968 799 997 sane
827 954 909 996 fuit
934 953 1036 997 huic
1065 955 1242 1011 negotio
1271 969 1404 1011 quam
1425 968 1544 997 sum-

248 1046 324 1080 mo
344 1031 527 1089 imperio
552 1037 628 1074 aut
651 1031 712 1074 rei
727 1031 968 1089 gerendae,
988 1045 1124 1088 quum
1140 1031 1182 1074 ei
1197 1036 1402 1087 sequente
1429 1043 1545 1073 anno

249 1110 478 1167 imperium
503 1113 789 1166 prorogatum
818 1107 873 1150 sit
910 1113 955 1150 et
986 1108 1101 1164 legio
1129 1107 1279 1151 relicta
1323 1106 1379 1161 Q.
1411 1106 1548 1149 Fabio

249 1186 439 1230 Maximo
462 1191 505 1228 et
525 1185 582 1228 Μ.
600 1183 783 1227 Claudio
806 1184 1010 1227 Marcello
1038 1183 1294 1228 Consulibus
1326 1183 1345 1240 (
1358 1183 1410 1238 2)
1426 1213 1438 1232 ,
1470 1183 1547 1225 illa

251 1275 356 1306 cum
382 1260 552 1319 legione
578 1258 725 1304 adhuc
751 1274 915 1303 annum
944 1260 990 1302 in
1014 1260 1174 1303 Piceno
1214 1259 1295 1301 fuit
1322 1258 1377 1313 Q.
1409 1258 1545 1301 Fabio

252 1339 440 1381 Maximo
457 1337 551 1381 filio
575 1343 618 1379 et
634 1336 683 1380 T.
697 1336 956 1394 Sempronio
974 1336 1174 1381 Graccho
1185 1336 1439 1379 Consulibus
1456 1336 1543 1394 (ἵ).

251 1413 412 1472 Copias
438 1409 598 1455 deinde
624 1425 722 1455 suas
737 1443 748 1463 ,
781 1412 938 1470 quibus
954 1413 1000 1456 in
1016 1413 1186 1456 Piceno
1215 1427 1321 1471 agro
1344 1412 1547 1469 praefue-

254 1497 345 1540 rat,
378 1476 574 1545 sequenti
600 1503 717 1532 anno
744 1489 928 1533 Claudio
953 1488 1111 1532 Neroni
1135 1490 1316 1535 tradidit
1349 1490 1366 1545 (
1379 1492 1404 1532 4
1419 1488 1457 1546 ).
1520 1524 1526 1532 .

313 1564 445 1610 Varia
485 1563 660 1609 fortuna
702 1565 909 1623 deinceps
948 1564 1111 1610 bellum
1150 1565 1425 1623 sequentibus
1468 1579 1550 1610 an-

252 1641 320 1685 nis
332 1647 513 1699 gestum
540 1645 627 1692 est,
661 1642 739 1684 etsi
766 1642 827 1685 nil
855 1641 1041 1688 Varroni
1064 1641 1320 1685 mandatum
1358 1641 1447 1684 'esse
1478 1656 1550 1684 re·

254 1719 464 1776 perimus,
496 1722 863 1774 quatuor-<aulem
894 1720 1019 1763 annis
1054 1725 1181 1776 post,
1212 1719 1384 1763 Romae
1410 1734 1548 1775 quum

254 1793 511 1837 nunciatum
550 1799 680 1844 esset,
731 1793 945 1837 Etruriam
982 1795 1108 1839 velle
1126 1795 1342 1847 deficere,
1382 1796 1547 1848 Varro,

255 1871 330 1914 cui
359 1878 457 1928 post
487 1870 659 1914 cladem
689 1869 953 1915 Cannensem
992 1874 1179 1916 minores
1222 1881 1366 1916 tamen
1407 1880 1553 1929 partes

260 1945 344 1991 Rei
393 1945 602 1990 Publicae
627 1973 630 1977 ι
654 1945 990 2004 imponebantur
1032 1963 1133 1992 cum
1156 1965 1160 1969 ·
1187 1948 1371 2008 imperio
1417 1949 1549 1992 Arre-

262 2024 370 2065 tium
396 2023 544 2065 missus
572 2028 634 2065 est
653 2052 665 2072 ,
706 2022 878 2065 obsides
907 2024 964 2067 ab
1002 2026 1211 2068 Arretinis
1246 2032 1295 2067 ut
1326 2027 1550 2083 acciperet

262 2100 537 2156 Romamque
587 2098 851 2151 deducerem
892 2106 940 2143 ut
988 2101 1118 2144 etiam
1164 2101 1322 2145 liberos
1364 2102 1553 2146 Senato-

263 2190 360 2219 rum
397 2182 571 2220 centum
602 2175 755 2233 viginti
791 2175 961 2220 obsides
997 2177 1188 2222 Romam
1217 2178 1371 2229 duxit,
1399 2177 1553 2236 ibique

1459 2269 1557 2298 om-

248 2417 253 2420 ,
308 2373 376 2419 (ι)
400 2372 484 2411 Liv.
506 2370 575 2411 tib.
590 2374 649 2413 03.
669 2386 754 2423 cap.
769 2376 827 2413 32.
871 2372 980 2422 Pigh.
996 2375 1092 2413 Anu.
1105 2375 1213 2412 Rom.
1236 2373 1302 2414 lib.
1318 2390 1354 2423 9.
1376 2390 1379 2392 ·

312 2436 380 2486 (a)
404 2436 530 2477 Livius
551 2437 618 2476 lib.
638 2442 694 2486 24.
720 2451 801 2492 cap.
818 2452 870 2478 ιο.
900 2438 1054 2491 Pighius
1067 2452 1155 2481 ann.
1170 2440 1279 2482 Rom.
1291 2440 1406 2494 lib.9.
1445 2443 1555 2486 A.U.

267 2502 350 2545 ⁵4⁰·
372 2514 408 2541 a.
424 2501 515 2540 chr.
529 2516 611 2543 sn.

315 2565 382 2613 (3)
405 2566 485 2605 niv.
512 2566 581 2608 lib.
601 2572 656 2615 ²4·
683 2581 761 2620 cap.
779 2574 837 2617 44.
881 2566 1031 2619 Pighius
1061 2581 1150 2609 ann.
1167 2568 1278 2611 Rom.
1300 2571 1367 2611 lib.
1384 2586 1418 2623 9.

318 2630 385 2679 (lt)
409 2630 488 2672 Liv.
506 2631 574 2675 lib.
597 2637 653 2676 25.
677 2638 807 2688 capu&
851 2638 895 2677 A.
909 2634 957 2677 U.
973 2638 1055 2682 54¹·
1078 2649 1114 2677 a.
1129 2635 1223 2677 Cbr.
1247 2642 1327 2679 23¹.
