1974 3344
938 313 1169 356 ..m-

426 461 432 466 ·
462 437 685 482 -Nunciata‘
711 436 801 482 hae
827 436 958 482 clade
991 436 1211 492 Romam,
1251 436 1441 495 populus
1478 437 1705 497 Romanus

410 514 604 562 ,adventu
631 514 845 559 exercitus
873 514 1130 559 Hannibalis
1149 514 1399 574 perterritus
1414 544 1427 567 ,
1463 511 1562 572 (via
1589 516 1706 567 enim

411 592 608 636 Romam
646 594 687 637 ei
716 607 836 637 nune
865 592 1077 650 patebat)
1097 624 1109 644 ,
1150 604 1461 651 pei-suasusque
1503 603 1639 647 quam
1664 591 1712 635 in

416 670 496 713 tali
544 685 688 714 rerum
709 686 711 689 ’
729 670 984 731 conditione
1036 683 1147 727 opus
1190 675 1296 713 esset
1334 668 1454 727 gravi
1493 665 1708 731 Imperio?

416 747 599 803 viroque
625 746 703 802 qui
728 745 842 788 Rem
869 747 1013 790 severe
1044 753 1088 789 et
1115 740 1331 804 intrepide
1362 741 1707 793 administraret}
1750 805 1751 808 Ἰ

416 828 599 879 urgente
625 821 882 865 necessitate
903 822 964 865 ad
983 821 1188 876 *ultimum
1219 819 1459 866 femedium
1489 819 1710 878 confugia

418 899 480 957 ad
505 898 784 963 Dictatorem
799 898 971 941 seilicet
994 898 1262 953 dicendum3
1292 897 1477 948 Consule
1504 910 1607 940 vero
1633 896 1719 939 ab·

418 981 540 1020 sente
555 1005 568 1028 ‚
600 969 628 1018 a
655 988 748 1032 quo
770 974 860 1017 uno
885 974 977 1018 dici
998 982 1171 1032 poterat
1198 980 1252 1034 (ι
1271 975 1315 1032 ).
1346 974 1560 1032 populus,
1590 971 1716 1030 quod

424 1065 658 1108 nunquam
687 1056 842 1100 antea,
873 1051 1228 1094 Prodietatorem
1255 1051 1420 1095 creavit
1446 1049 1502 1104 Q.
1533 1049 1717 1091 Fabium

421 1128 657 1170 Maximum
685 1125 745 1182 (2
760 1124 779 1182 )
808 1132 852 1167 et
874 1127 933 1169 Μ.
969 1123 1207 1187 Minucium
1232 1125 1430 1177 Rufum,
1469 1126 1719 1182 Magistrum

429 1203 640 1261 Equitum
665 1200 785 1259 (5),
817 1202 976 1260 quibus
1004 1203 1132 1257 simul
1151 1216 1177 1245 a
1206 1200 1372 1246 Senatu
1396 1202 1622 1261 negotium
1637 1202 1719 1244 da-

421 1286 517 1328 tum
548 1285 640 1333 est,
682 1295 709 1324 ι(
731 1276 783 1321 ut'
818 1292 966 1326 muros
1009 1276 1235 1343 turresque
1275 1279 1394 1322 urbis
1427 1280 1651 1323 firmarent
1677 1283 1721 1324 et

422 1375 447 1404 κ
471 1341 690 1414 praesidia
752 1356 1033 1413 disponerent
1057 1390 1070 1409 ‚
1115 1348 1295 1416 quibus
1341 1358 1450 1401 locis
1493 1358 1723 1401 videretur

421 1453 446 1481 α
463 1440 713 1496 pontesque
760 1434 1057 1479 rescinderent
1101 1434 1362 1486 fluminum,
1413 1448 1515 1477 cum
1566 1433 1724 1485 Poenis

423 1528 451 1558 α
474 1522 558 1568 pro
589 1507 699 1569 urbe
728 1508 1033 1553 dimicandum
1054 1523 1171 1562 esse,
1203 1509 1387 1568 quando
1411 1509 1583 1553 Italiam
1612 1508 1724 1565 tueri

429 1573 770 1641 «nequivissent
813 1583 920 1642 (4).
951 1585 978 1627 ’t
1054 1585 1089 1628 E
1127 1597 1222 1643 quo·
1269 1586 1482 1629 mandato
1538 1583 1724 1639 Senatus

429 1667 636 1720 apparet,
678 1658 737 1703 ad
783 1674 1000 1718 quasnam
1044 1664 1263 1722 angustias
1309 1677 1363 1706 eo
1400 1669 1594 1720 tempore
1626 1659 1725 1705 R'o-

432 1750 504 1779 ma
537 1736 717 1779 redacta
756 1736 911 1790 fuerit,
954 1740 1044 1782 imo
1082 1753 1239 1797 parum
1277 1739 1438 1789 abfuit,
1485 1739 1594 1795 quin
1635 1737 1724 1780 Res

431 1812 664 1867 Romanae
713 1812 773 1864 ad
812 1814 1179 1875 desperationem‘
1203 1822 1340 1873 essent
1383 1815 1592 1857 redactae
1640 1815 1724 1857 nisi

434 1903 547 1931 unus
570 1888 774 1931 adfuisset
800 1888 980 1944 Fabius,
1012 1891 1084 1933 ille
1109 1892 1224 1933 enim
1242 1905 1332 1934 non
1355 1892 1492 1933 solum
1511 1892 1558 1932 in
1583 1891 1724 1934 aciem

434 1966 640 2010 adversus
664 1965 952 2009 Hannibalem
978 1968 1205 2032 descendit
1228 2001 1240 2018 ,
1272 1982 1419 2011 verum
1448 1967 1578 2009 etiam
1606 1954 1724 2009 sem-¹

1650 2058 1729 2103 per

481 2157 553 2206 (ι)
577 2155 649 2195 Cn.
679 2152 839 2194 Servilio
865 2157 1048 2205 Cous-111,
1072 2159 1137 2208 qui
1167 2158 1204 2194 in
1233 2157 1359 2196 Gallia
1395 2155 1587 2208 provincia
1616 2164 1726 2202 enat,

436 2220 496 2269 jus
524 2219 596 2256 suit
615 2219 764 2261 dicendi
796 2221 900 2256 Diact
906 2227 1027 2258 torem
1050 2221 1094 2257 οἳ.
1127 2222 1255 2260 Livius
1279 2222 1344 2259 hb.
1368 2235 1422 2259 22
1445 2234 1475 2258 c.
1496 2226 1552 2260 31.

483 2285 559 2330 (2)
586 2283 717 2333 Polyb.
742 2282 809 2321 hb.
826 2290 847 2324 3
893 2299 926 2324 c.
944 2290 1001 2330 87.
1045 2286 1122 2324 Liv.
1134 2283 1214 2322 lib.
1241 2299 1282 2322 Μ
1319 2297 1350 2322 c.
1375 2290 1409 2324 8.
1434 2285 1559 2324 Plut.
1591 2286 1631 2324 in
1657 2291 1742 2329 vita·

439 2346 550 2385 Fabii
572 2360 601 2384 c.
626 2353 659 2392 4
700 2350 896 2399 Appianus
925 2351 972 2388 de
999 2350 1105 2387 Bello
1130 2349 1292 2387 Hannib.

484 2415 555 2463 (3)
581 2411 682 2451 Plut.
711 2414 751 2451 in
768 2415 850 2455 vita
881 2414 989 2452 Fabii
1022 2427 1110 2451 eum
1143 2420 1253 2452 vocat
1292 2413 1428 2454 Λεύκιον
1463 2416 1633 2454 Μινούκιον
1666 2416 1729 2459 Li.

441 2478 525 2518 vius
554 2484 680 2515 autem
716 2486 755 2516 et
793 2477 972 2530 Polybius
1008 2478 1146 2528 aliique
1174 2478 1536 2529 scriptores'habent
1559 2483 1727 2523 Marcum

438 2540 660 2578 Minucium.

487 2609 558 2654 (4)
583 2607 676 2643 Sunt
703 2603 817 2647 verba
839 2603 954 2653 Livii,
982 2617 1078 2655 quae
1099 2604 1159 2643 bic
1181 2607 1316 2655 retuli,
1353 2609 1398 2650 cf.
1415 2621 1533 2664 porro
1562 2611 1638 2653 Liv.
1662 2610 1734 2651 lib.

437 2682 496 2711 22.
522 2683 551 2708 c.
573 2672 606 2709 8.
