1974 3344
976 313 1206 358 ...³52-

418 433 515 474 inae
535 439 602 475 ut
631 432 827 489 videtur,
858 436 1043 488 mansit,
1073 434 1294 494 profectus
1324 446 1428 479 vero
1468 437 1613 484 statim
1643 443 1715 487 ent·

415 507 461 549 in
504 510 707 566 Apuliam
753 511 811 554 ad
865 513 1131 566 exercitum,
1175 518 1224 554 ut
1271 525 1538 570 quocunque
1571 516 1708 559 modo

415 585 625 631 damnum
677 590 847 647 patriae
895 590 1064 633 illatum
1114 590 1364 640 resarcirem
1396 605 1554 648 -quum
1601 606 1706 637 vero

415 663 617 707 cladibus
646 668 864 709 continuis
889 680 1047 723 magna
1071 679 1173 722 pars
1197 664 1458 710 Senatorum
1481 668 1707 712 interiisset
1729 672 1736 678 '

411 741 627 797 multique
671 741 904 784 Senatores
939 740 1203 790 deficerent.
1235 743 1471 799 explendus
1497 751 1593 787 erat
1625 744 1707 790 Se-

406 822 559 867 natus,
607 822 654 859 ut
683 816 827 874 justus
866 830 1068 860 numerus
1102 817 1293 872 adesset3
1335 818 1535 863 Dictator
1575 821 1708 878 igitur

406 891 597 936 Senatus
621 894 796 951 legendi
823 906 955 936 causa
987 894 1202 937 creandus
1232 901 1340 938 erat.
1407 894 1558 939 Patres
1586 895 1703 941 hauc

407 972 466 1014 ob
515 985 693 1016 causam
713 1002 725 1022 ,
769 985 906 1028 quum
953 970 1146 1014 Dictator
1193 986 1218 1014 a
1263 972 1450 1016 Consule
1491 973 1705 1021 dicendus

405 1056 543 1099 esset,
576 1048 1249 1092 arcessiveru'nt*Varronemsex
1286 1049 1471 1105 Apulia,
1504 1050 1580 1106 qui
1613 1055 1699 1092 sta-

404 1125 483 1168 tim
529 1125 716 1167 Romam
758 1124 959 1174 veniens,
1011 1123 1229 1179 praesidio
1272 1124 1477 1167 exercitui
1516 1125 1703 1176 relicto‚’

400 1208 534 1244 nocte
561 1200 757 1257 proxima
792 1199 808 1255 (
832 1199 882 1254 ι)
914 1200 970 1242 Μ.
996 1192 1181 1241 'Fabium
1213 1200 1451 1242 Buteonem
1480 1214 1533 1243 ex
1560 1201 1702 1243 Sena--

399 1283 467 1318 tus
504 1276 714 1319 Consulto
755 1277 847 1319 sine
877 1274 1081 1332 Magistro
1112 1276 1317 1333 Equitum
1344 1276 1612 1320 Dictatorem
1647 1276 1695 1320 in

394 1368 468 1396 sex
492 1367 658 1396 menses
684 1353 795 1413 dixit
826 1352 883 1408 (2
898 1350 935 1408 ).

450 1429 590 1472 Nocte
624 1428 722 1488 jam
761 1427 1007 1483 insequenti
1047 1428 1163 1471 elam
1203 1426 1606 1484 Romammeliquit
1644 1434 1689 1471 et

391 1507 529 1549 inscio
554 1506 719 1549 Senatu
751 1505 809 1546 ad
851 1505 1088 1546 exercitum
1122 1505 1278 1547 subito·
1303 1502 1459 1555 reiliit3
1503 1503 1687 1545 Comitia

391 1584 506 1626 enim
533 1596 668 1640 quum
698 1580 908 1623 habenda-s
928 1585 1088 1630 essent,
1118 1578 1302 1623 nolebat·
1321 1579 1481 1623 diutius
1502 1580 1547 1622 in
1577 1579 1692 1623 Urbe

391 1673 568 1702 manere
586 1691 598 1707 ,
629 1642 797 1715 pudore
824 1663 873 1699 ut
894 1656 1068 1701 videtur
1090 1655 1205 1700 vitae
1233 1669 1337 1699 suae
1368 1656 1415 1700 in
1438 1655 1694 1700 recentiori-

392 1737 475 1780 bus
515 1737 701 1788 comitiis
739 1741 884 1792 gestae
912 1734 1263 1791 concionumque
1298 1732 1572 1784 habitarum,
1616 1745 1692 1775 ex·

388 1813 601 1871 perientia
639 1811 853 1864 edoctus,
897 1810 1068 1853 facilius
1110 1809 1231 1851 domi
1282 1808 1422 1851 verbis
1462 1822 1596 1864 quam
1642 1809 1690 1851 in

386 1891 507 1931 hello
533 1890 661 1931 sactis
687 1888 852 1930 hostem
873 1888 989 1929 vinci
1014 1901 1159 1942 posse,
1192 1893 1236 1927 et
1256 1896 1348 1936 est,
1379 1885 1502 1941 quod
1528 1886 1572 1926 in
1600 1885 1686 1927 hoc

385 1965 480 2022 ejus
509 1963 668 2022 agendi
702 1963 838 2006 modo
866 1960 1114 2013 laudemus,
1147 1975 1236 2003 non
1264 1959 1380 2002 enim
1412 1958 1605 2016 amplius*
1624 1963 1687 2001 est

381 2041 584 2099 superbia
609 2042 769 2088 elatus,
798 2037 931 2080 homo
959 2051 1118 2087 vanus,
1142 2036 1436 2085 turbulentus,
1468 2035 1686 2090 inquietus

381 2117 457 2160 sed
485 2115 653 2167 facilis,
687 2115 865 2159 timidus
893 2121 1027 2172 atque
1055 2112 1291 2158 infortunio
1316 2109 1495 2154 fractus.

421 2191 536 2235 Nihil
550 2191 698 2250 magni
712 2191 922 2234 momenti
937 2190 1096 2233 deinde
1112 2191 1156 2233 in
1172 2187 1331 2245 Apulia
1350 2185 1499 2228 abillo
1515 2189 1681 2241 gestum

380 2275 469 2320 est,
485 2269 560 2310 sed
583 2275 751 2310 tantum
778 2267 837 2310 ad
865 2266 1130 2323 praesidium
1156 2263 1285 2321 hujus
1299 2260 1555 2304 Provinciae
1579 2273 1680 2302 eum

381 2343 575 2387 exercitu
594 2343 783 2387 adfuisse
807 2343 978 2388 videtur
992 2347 1035 2385 et
1047 2340 1148 2384 satis
1161 2338 1274 2382 bene
1288 2350 1463 2380 munere
1478 2336 1651 2379 functus
1668 2364 1681 2384 ,

1542 2424 1680 2467 quum

428 2543 470 2586 (1
488 2542 501 2589 )
528 2540 672 2578 silente
694 2541 794 2578 enim
817 2546 928 2578 nocte
943 2546 982 2577 et
1004 2538 1123 2588 captis
1142 2543 1253 2575 antea
1277 2536 1348 2572 rite
1375 2531 1546 2585 auspicKIs
1568 2543 1654 2571 crea
1668 2548 1683 2561 ·

374 2607 489 2645 batur
511 2607 680 2643 Dictator
704 2606 781 2647 le.
804 2604 859 2642 lib
887 2621 920 2655 9.
944 2618 1024 2655 cap.
1043 2607 1100 2641 38.

419 2673 490 2722 (a)
518 2671 599 2711 Liv.
623 2672 687 2711 lib.
708 2674 764 2710 23.
787 2682 866 2725 cap.
886 2685 940 2711 n.
988 2672 1032 2709 A.
1049 2670 1095 2710 U.
1122 2671 1200 2708 538.
1225 2681 1258 2707 a.
1279 2664 1450 2713 Cham-
1473 2703 1477 2705 a
1497 2701 1505 2707 .
