<?xml version="1.0" encoding="UTF-8"?>
<!DOCTYPE html PUBLIC "-//W3C//DTD XHTML 1.0 Transitional//EN"
    "http://www.w3.org/TR/xhtml1/DTD/xhtml1-transitional.dtd">
<html xmlns="http://www.w3.org/1999/xhtml" xml:lang="en" lang="en">
 <head>
  <title>
</title>
<meta http-equiv="Content-Type" content="text/html;charset=utf-8" />
  <meta name='ocr-system' content='tesseract 3.04.00' />
  <meta name='ocr-capabilities' content='ocr_page ocr_carea ocr_par ocr_line ocrx_word'/>
</head>
<body>
  <div class='ocr_page' id='page_1' title='image "4738122_0059.png"; bbox 0 0 1974 3344; ppageno 0'>
   <div class='ocr_carea' id='block_1_1' title="bbox 213 388 1528 2266">
    <p class='ocr_par' dir='ltr' id='par_1_1' title="bbox 213 388 1528 2210">
     <span class='ocr_line' id='line_1_1' title="bbox 223 388 1514 452; baseline 0.002 -15"><span class='ocrx_word' id='word_1_1' title='bbox 223 393 453 451; x_wconf 77' lang='lat' dir='ltr'><strong>perduxit,</strong></span> <span class='ocrx_word' id='word_1_2' title='bbox 482 399 549 439; x_wconf 78' lang='lat' dir='ltr'><strong>‘ut</strong></span> <span class='ocrx_word' id='word_1_3' title='bbox 586 391 864 436; x_wconf 80' lang='lat' dir='ltr'><strong>Plebiscitum</strong></span> <span class='ocrx_word' id='word_1_4' title='bbox 905 388 1106 445; x_wconf 77' lang='lat' dir='ltr'><strong>ferretur,</strong></span> <span class='ocrx_word' id='word_1_5' title='bbox 1154 393 1211 438; x_wconf 87' lang='lat' dir='ltr'><strong>de</strong></span> <span class='ocrx_word' id='word_1_6' title='bbox 1248 407 1340 452; x_wconf 79' lang='lat' dir='ltr'><strong>quo</strong></span> <span class='ocrx_word' id='word_1_7' title='bbox 1377 406 1514 440; x_wconf 71' lang='lat' dir='ltr'><strong>nemo</strong></span> 
     </span>
     <span class='ocr_line' id='line_1_2' title="bbox 231 466 1503 528; baseline 0.002 -16"><span class='ocrx_word' id='word_1_8' title='bbox 231 476 455 523; x_wconf 77' lang='lat' dir='ltr'><strong>ante,eum</strong></span> <span class='ocrx_word' id='word_1_9' title='bbox 492 484 548 512; x_wconf 84' lang='lat' dir='ltr'><strong>ne</strong></span> <span class='ocrx_word' id='word_1_10' title='bbox 588 468 783 525; x_wconf 76' lang='lat' dir='ltr'><strong>cogitare</strong></span> <span class='ocrx_word' id='word_1_11' title='bbox 805 466 986 522; x_wconf 85' lang='lat' dir='ltr'><strong>quidem</strong></span> <span class='ocrx_word' id='word_1_12' title='bbox 1011 481 1141 510; x_wconf 87' lang='lat' dir='ltr'><strong>ausus</strong></span> <span class='ocrx_word' id='word_1_13' title='bbox 1167 479 1287 520; x_wconf 82' lang='lat' dir='ltr'><strong>erat,</strong></span> <span class='ocrx_word' id='word_1_14' title='bbox 1320 485 1503 528; x_wconf 81' lang='lat' dir='ltr'><strong>rogans,</strong></span> 
     </span>
     <span class='ocr_line' id='line_1_3' title="bbox 221 540 1511 603; baseline -0.001 -14"><span class='ocrx_word' id='word_1_15' title='bbox 221 553 278 589; x_wconf 68' lang='grc' dir='ltr'><strong>,ιιι</strong></span> <span class='ocrx_word' id='word_1_16' title='bbox 319 546 520 603; x_wconf 72' lang='lat' dir='ltr'><strong>Magister</strong></span> <span class='ocrx_word' id='word_1_17' title='bbox 566 544 792 599; x_wconf 86' lang='lat' dir='ltr'><strong>Equitum·</strong></span> <span class='ocrx_word' id='word_1_18' title='bbox 810 540 1008 584; x_wconf 85' lang='lat' dir='ltr'><strong>eamdem</strong></span> <span class='ocrx_word' id='word_1_19' title='bbox 1043 555 1097 585; x_wconf 85' lang='lat' dir='ltr'><strong>ac</strong></span> <span class='ocrx_word' id='word_1_20' title='bbox 1131 542 1328 588; x_wconf 74' lang='lat' dir='ltr'><strong>Dictator</strong></span> <span class='ocrx_word' id='word_1_21' title='bbox 1363 555 1511 603; x_wconf 53' lang='lat' dir='ltr'><strong>potesv</strong></span> 
     </span>
     <span class='ocr_line' id='line_1_4' title="bbox 228 614 1528 682; baseline -0.003 -16"><span class='ocrx_word' id='word_1_22' title='bbox 228 629 364 667; x_wconf 87' lang='lat' dir='ltr'><strong>tatem</strong></span> <span class='ocrx_word' id='word_1_23' title='bbox 409 619 618 673; x_wconf 86' lang='lat' dir='ltr'><strong>haberet;</strong></span> <span class='ocrx_word' id='word_1_24' title='bbox 660 619 868 666; x_wconf 84' lang='lat' dir='ltr'><strong>Varronis</strong></span> <span class='ocrx_word' id='word_1_25' title='bbox 914 618 1130 662; x_wconf 78' lang='lat' dir='ltr'><strong>temeritas</strong></span> <span class='ocrx_word' id='word_1_26' title='bbox 1174 621 1314 680; x_wconf 79' lang='lat' dir='ltr'><strong>magis</strong></span> <span class='ocrx_word' id='word_1_27' title='bbox 1352 614 1528 682; x_wconf 45' lang='lat' dir='ltr'><strong>magis&amp;</strong></span> 
     </span>
     <span class='ocr_line' id='line_1_5' title="bbox 225 696 1511 756; baseline 0.002 -15"><span class='ocrx_word' id='word_1_28' title='bbox 225 712 315 756; x_wconf 85' lang='lat' dir='ltr'><strong>que</strong></span> <span class='ocrx_word' id='word_1_29' title='bbox 354 698 627 756; x_wconf 21' lang='lat' dir='ltr'><strong>*conspicitur</strong></span> <span class='ocrx_word' id='word_1_30' title='bbox 667 697 700 739; x_wconf 88' lang='lat' dir='ltr'><strong>si</strong></span> <span class='ocrx_word' id='word_1_31' title='bbox 744 696 982 756; x_wconf 73' lang='lat' dir='ltr'><strong>cogitemus</strong></span> <span class='ocrx_word' id='word_1_32' title='bbox 1015 702 1273 755; x_wconf 86' lang='lat' dir='ltr'><strong>potestatem</strong></span> <span class='ocrx_word' id='word_1_33' title='bbox 1311 698 1511 746; x_wconf 84' lang='lat' dir='ltr'><strong>Dictato-</strong></span> 
     </span>
     <span class='ocr_line' id='line_1_6' title="bbox 225 774 1510 832; baseline 0.002 -14"><span class='ocrx_word' id='word_1_34' title='bbox 225 777 312 826; x_wconf 83' lang='lat' dir='ltr'><strong>ris.</strong></span> <span class='ocrx_word' id='word_1_35' title='bbox 362 790 496 832; x_wconf 81' lang='lat' dir='ltr'><strong>quam</strong></span> <span class='ocrx_word' id='word_1_36' title='bbox 538 775 762 832; x_wconf 80' lang='lat' dir='ltr'><strong>Dionysius</strong></span> <span class='ocrx_word' id='word_1_37' title='bbox 812 774 1200 818; x_wconf 70' lang='lat' dir='ltr'><strong>halicarnassensis</strong></span> <span class='ocrx_word' id='word_1_38' title='bbox 1243 777 1400 820; x_wconf 87' lang='lat' dir='ltr'><strong>merito</strong></span> <span class='ocrx_word' id='word_1_39' title='bbox 1442 777 1510 824; x_wconf 64' lang='lat' dir='ltr'><strong>a?-</strong></span> 
     </span>
     <span class='ocr_line' id='line_1_7' title="bbox 226 847 1511 910; baseline 0 -13"><span class='ocrx_word' id='word_1_40' title='bbox 226 869 344 908; x_wconf 76' lang='grc' dir='ltr'><strong><em>ρετην</em></strong></span> <span class='ocrx_word' id='word_1_41' title='bbox 369 853 584 906; x_wconf 72' lang='grc' dir='ltr'><strong>τυραννίδα.</strong></span> <span class='ocrx_word' id='word_1_42' title='bbox 611 857 739 894; x_wconf 65' lang='lat' dir='ltr'><strong>vocat</strong></span> <span class='ocrx_word' id='word_1_43' title='bbox 769 850 819 907; x_wconf 86' lang='lat'><strong>(1</strong></span> <span class='ocrx_word' id='word_1_44' title='bbox 837 847 854 906; x_wconf 91' lang='lat'>)</span> <span class='ocrx_word' id='word_1_45' title='bbox 872 879 884 899; x_wconf 65' lang='lat'><em>2</em></span> <span class='ocrx_word' id='word_1_46' title='bbox 918 850 1063 905; x_wconf 59' lang='lat' dir='ltr'><strong>plan-eg</strong></span> <span class='ocrx_word' id='word_1_47' title='bbox 1075 853 1240 910; x_wconf 88' lang='lat' dir='ltr'><strong>quippe</strong></span> <span class='ocrx_word' id='word_1_48' title='bbox 1266 854 1386 910; x_wconf 82' lang='lat' dir='ltr'><strong>regio</strong></span> <span class='ocrx_word' id='word_1_49' title='bbox 1411 868 1511 897; x_wconf 85' lang='lat' dir='ltr'><strong>mu·</strong></span> 
     </span>
     <span class='ocr_line' id='line_1_8' title="bbox 225 924 1512 989; baseline -0.004 -17"><span class='ocrx_word' id='word_1_50' title='bbox 225 944 329 972; x_wconf 87' lang='lat' dir='ltr'><strong>nere</strong></span> <span class='ocrx_word' id='word_1_51' title='bbox 359 929 558 972; x_wconf 76' lang='lat' dir='ltr'><strong>Dictator</strong></span> <span class='ocrx_word' id='word_1_52' title='bbox 580 925 844 981; x_wconf 80' lang='lat' dir='ltr'><strong>fungebatur</strong></span> <span class='ocrx_word' id='word_1_53' title='bbox 867 924 957 968; x_wconf 89' lang='lat' dir='ltr'><strong>imo</strong></span> <span class='ocrx_word' id='word_1_54' title='bbox 985 926 1103 984; x_wconf 78' lang='lat' dir='ltr'><strong>regia</strong></span> <span class='ocrx_word' id='word_1_55' title='bbox 1127 934 1342 985; x_wconf 75' lang='lat' dir='ltr'><strong>potestate</strong></span> <span class='ocrx_word' id='word_1_56' title='bbox 1367 930 1512 989; x_wconf 67' lang='lat' dir='ltr'><strong>majo.</strong></span> 
     </span>
     <span class='ocr_line' id='line_1_9' title="bbox 225 1001 1511 1051; baseline 0.002 -2"><span class='ocrx_word' id='word_1_57' title='bbox 225 1020 317 1049; x_wconf 87' lang='lat' dir='ltr'><strong>rem</strong></span> <span class='ocrx_word' id='word_1_58' title='bbox 343 1002 573 1048; x_wconf 79' lang='lat' dir='ltr'><strong>habebat!</strong></span> <span class='ocrx_word' id='word_1_59' title='bbox 634 1002 698 1045; x_wconf 86' lang='lat' dir='ltr'><strong>Ne</strong></span> <span class='ocrx_word' id='word_1_60' title='bbox 728 1016 830 1045; x_wconf 84' lang='lat' dir='ltr'><strong>vero</strong></span> <span class='ocrx_word' id='word_1_61' title='bbox 862 1001 1060 1045; x_wconf 85' lang='lat' dir='ltr'><strong>dicamus</strong></span> <span class='ocrx_word' id='word_1_62' title='bbox 1096 1003 1243 1047; x_wconf 72' lang='lat' dir='ltr'><strong>Metilii</strong></span> <span class='ocrx_word' id='word_1_63' title='bbox 1277 1006 1511 1051; x_wconf 79' lang='lat' dir='ltr'><strong>audaciam</strong></span> 
     </span>
     <span class='ocr_line' id='line_1_10' title="bbox 226 1066 1509 1138; baseline 0.002 -13"><span class='ocrx_word' id='word_1_64' title='bbox 226 1081 374 1126; x_wconf 81' lang='lat' dir='ltr'><strong>adhue</strong></span> <span class='ocrx_word' id='word_1_65' title='bbox 402 1080 606 1127; x_wconf 77' lang='lat' dir='ltr'><strong>Varronis</strong></span> <span class='ocrx_word' id='word_1_66' title='bbox 626 1066 838 1138; x_wconf 84' lang='lat' dir='ltr'><strong>majorem</strong></span> <span class='ocrx_word' id='word_1_67' title='bbox 862 1079 1015 1129; x_wconf 75' lang='lat' dir='ltr'><strong>fuisse.</strong></span> <span class='ocrx_word' id='word_1_68' title='bbox 1045 1094 1150 1124; x_wconf 86' lang='lat' dir='ltr'><strong>nam</strong></span> <span class='ocrx_word' id='word_1_69' title='bbox 1174 1081 1386 1126; x_wconf 74' lang='lat' dir='ltr'><strong>Tribunus</strong></span> <span class='ocrx_word' id='word_1_70' title='bbox 1410 1084 1509 1128; x_wconf 88' lang='lat' dir='ltr'><strong>Ple·</strong></span> 
     </span>
     <span class='ocr_line' id='line_1_11' title="bbox 223 1158 1509 1217; baseline 0.004 -15"><span class='ocrx_word' id='word_1_71' title='bbox 223 1159 290 1202; x_wconf 84' lang='lat' dir='ltr'><strong>bis</strong></span> <span class='ocrx_word' id='word_1_72' title='bbox 327 1160 524 1217; x_wconf 79' lang='lat' dir='ltr'><strong>quamvis</strong></span> <span class='ocrx_word' id='word_1_73' title='bbox 561 1158 758 1203; x_wconf 83' lang='lat' dir='ltr'><strong>Dictator</strong></span> <span class='ocrx_word' id='word_1_74' title='bbox 787 1163 1008 1202; x_wconf 75' lang='lat' dir='ltr'><strong>crearetur</strong></span> <span class='ocrx_word' id='word_1_75' title='bbox 1051 1172 1172 1203; x_wconf 85' lang='lat' dir='ltr'><strong>suam</strong></span> <span class='ocrx_word' id='word_1_76' title='bbox 1201 1162 1509 1207; x_wconf 81' lang='lat' dir='ltr'><strong>aue-toritatem</strong></span> 
     </span>
     <span class='ocr_line' id='line_1_12' title="bbox 222 1233 1507 1297; baseline 0.003 -18"><span class='ocrx_word' id='word_1_77' title='bbox 222 1237 494 1279; x_wconf 84' lang='lat' dir='ltr'><strong>imminutam</strong></span> <span class='ocrx_word' id='word_1_78' title='bbox 527 1235 740 1278; x_wconf 81' lang='lat' dir='ltr'><strong>retinebat</strong></span> <span class='ocrx_word' id='word_1_79' title='bbox 768 1233 851 1288; x_wconf 78' lang='lat'><strong>(2)</strong></span> <span class='ocrx_word' id='word_1_80' title='bbox 869 1264 880 1283; x_wconf 84' lang='lat'>,</span> <span class='ocrx_word' id='word_1_81' title='bbox 912 1233 985 1278; x_wconf 86' lang='lat' dir='ltr'><strong>hic</strong></span> <span class='ocrx_word' id='word_1_82' title='bbox 1013 1243 1165 1280; x_wconf 87' lang='lat' dir='ltr'><strong>contra</strong></span> <span class='ocrx_word' id='word_1_83' title='bbox 1197 1237 1328 1282; x_wconf 91' lang='lat' dir='ltr'><strong>homo</strong></span> <span class='ocrx_word' id='word_1_84' title='bbox 1357 1254 1382 1282; x_wconf 87' lang='lat' dir='ltr'><strong>e</strong></span> <span class='ocrx_word' id='word_1_85' title='bbox 1409 1241 1507 1297; x_wconf 88' lang='lat' dir='ltr'><strong>ple-</strong></span> 
     </span>
     <span class='ocr_line' id='line_1_13' title="bbox 223 1308 1504 1370; baseline 0.003 -15"><span class='ocrx_word' id='word_1_86' title='bbox 223 1311 304 1362; x_wconf 82' lang='lat' dir='ltr'><strong>be,</strong></span> <span class='ocrx_word' id='word_1_87' title='bbox 344 1313 559 1370; x_wconf 74' lang='lat' dir='ltr'><strong>privatus,</strong></span> <span class='ocrx_word' id='word_1_88' title='bbox 592 1317 666 1352; x_wconf 88' lang='lat' dir='ltr'><strong>aut</strong></span> <span class='ocrx_word' id='word_1_89' title='bbox 700 1309 732 1350; x_wconf 91' lang='lat' dir='ltr'><strong>si</strong></span> <span class='ocrx_word' id='word_1_90' title='bbox 755 1308 890 1352; x_wconf 84' lang='lat' dir='ltr'><strong>mavis</strong></span> <span class='ocrx_word' id='word_1_91' title='bbox 916 1310 1004 1353; x_wconf 79' lang='lat' dir='ltr'><strong>fere</strong></span> <span class='ocrx_word' id='word_1_92' title='bbox 1029 1313 1171 1355; x_wconf 88' lang='lat' dir='ltr'><strong>nullus</strong></span> <span class='ocrx_word' id='word_1_93' title='bbox 1212 1319 1318 1356; x_wconf 84' lang='lat' dir='ltr'><strong>erat.</strong></span> <span class='ocrx_word' id='word_1_94' title='bbox 1379 1313 1504 1360; x_wconf 85' lang='lat' dir='ltr'><strong>Haeo</strong></span> 
     </span>
     <span class='ocr_line' id='line_1_14' title="bbox 222 1383 1502 1446; baseline 0.002 -15"><span class='ocrx_word' id='word_1_95' title='bbox 222 1389 355 1431; x_wconf 84' lang='lat' dir='ltr'><strong>etiam</strong></span> <span class='ocrx_word' id='word_1_96' title='bbox 379 1388 474 1446; x_wconf 86' lang='lat' dir='ltr'><strong>ejus</strong></span> <span class='ocrx_word' id='word_1_97' title='bbox 497 1384 731 1431; x_wconf 84' lang='lat' dir='ltr'><strong>disserendi</strong></span> <span class='ocrx_word' id='word_1_98' title='bbox 760 1383 944 1429; x_wconf 77' lang='lat' dir='ltr'><strong>facultas</strong></span> <span class='ocrx_word' id='word_1_99' title='bbox 978 1401 1079 1431; x_wconf 86' lang='lat' dir='ltr'><strong>cum</strong></span> <span class='ocrx_word' id='word_1_100' title='bbox 1108 1389 1348 1432; x_wconf 80' lang='lat' dir='ltr'><strong>temeritate</strong></span> <span class='ocrx_word' id='word_1_101' title='bbox 1385 1404 1502 1444; x_wconf 79' lang='lat' dir='ltr'><strong>oon·</strong></span> 
     </span>
     <span class='ocr_line' id='line_1_15' title="bbox 215 1462 1505 1524; baseline 0 -16"><span class='ocrx_word' id='word_1_102' title='bbox 215 1466 374 1524; x_wconf 79' lang='lat' dir='ltr'><strong>juncta</strong></span> <span class='ocrx_word' id='word_1_103' title='bbox 396 1497 408 1516; x_wconf 89' lang='lat'><strong><em>‚</em></strong></span> <span class='ocrx_word' id='word_1_104' title='bbox 447 1474 583 1509; x_wconf 81' lang='lat' dir='ltr'><strong>,causa</strong></span> <span class='ocrx_word' id='word_1_105' title='bbox 618 1462 726 1512; x_wconf 76' lang='lat' dir='ltr'><strong>fuit,</strong></span> <span class='ocrx_word' id='word_1_106' title='bbox 766 1462 824 1504; x_wconf 92' lang='lat' dir='ltr'><strong>ob</strong></span> <span class='ocrx_word' id='word_1_107' title='bbox 849 1475 985 1518; x_wconf 87' lang='lat' dir='ltr'><strong>quam</strong></span> <span class='ocrx_word' id='word_1_108' title='bbox 1014 1463 1072 1505; x_wconf 87' lang='lat' dir='ltr'><strong>ad</strong></span> <span class='ocrx_word' id='word_1_109' title='bbox 1099 1463 1377 1509; x_wconf 81' lang='lat' dir='ltr'><strong>Consulatum</strong></span> <span class='ocrx_word' id='word_1_110' title='bbox 1400 1481 1505 1523; x_wconf 85' lang='lat' dir='ltr'><strong>pos·</strong></span> 
     </span>
     <span class='ocr_line' id='line_1_16' title="bbox 219 1538 1499 1599; baseline 0.002 -15"><span class='ocrx_word' id='word_1_111' title='bbox 219 1549 315 1584; x_wconf 85' lang='lat' dir='ltr'><strong>tero</strong></span> <span class='ocrx_word' id='word_1_112' title='bbox 366 1547 560 1599; x_wconf 84' lang='lat' dir='ltr'><strong>tempore</strong></span> <span class='ocrx_word' id='word_1_113' title='bbox 606 1538 845 1596; x_wconf 85' lang='lat' dir='ltr'><strong>pervenerit</strong></span> <span class='ocrx_word' id='word_1_114' title='bbox 860 1569 873 1587; x_wconf 86' lang='lat'><strong>,</strong></span> <span class='ocrx_word' id='word_1_115' title='bbox 918 1552 1085 1597; x_wconf 82' lang='lat' dir='ltr'><strong>semper</strong></span> <span class='ocrx_word' id='word_1_116' title='bbox 1138 1540 1252 1584; x_wconf 86' lang='lat' dir='ltr'><strong>enim</strong></span> <span class='ocrx_word' id='word_1_117' title='bbox 1299 1541 1346 1585; x_wconf 90' lang='lat' dir='ltr'><strong>in</strong></span> <span class='ocrx_word' id='word_1_118' title='bbox 1382 1556 1499 1586; x_wconf 85' lang='lat' dir='ltr'><strong>eon-</strong></span> 
     </span>
     <span class='ocr_line' id='line_1_17' title="bbox 219 1615 1502 1671; baseline 0.002 -11"><span class='ocrx_word' id='word_1_119' title='bbox 219 1616 419 1661; x_wconf 88' lang='lat' dir='ltr'><strong>cionibus</strong></span> <span class='ocrx_word' id='word_1_120' title='bbox 473 1615 640 1660; x_wconf 90' lang='lat' dir='ltr'><strong>nobiles</strong></span> <span class='ocrx_word' id='word_1_121' title='bbox 688 1615 917 1671; x_wconf 83' lang='lat' dir='ltr'><strong>increpans</strong></span> <span class='ocrx_word' id='word_1_122' title='bbox 971 1622 1014 1660; x_wconf 88' lang='lat' dir='ltr'><strong>et</strong></span> <span class='ocrx_word' id='word_1_123' title='bbox 1071 1616 1290 1661; x_wconf 83' lang='lat' dir='ltr'><strong>lenocinio</strong></span> <span class='ocrx_word' id='word_1_124' title='bbox 1338 1618 1502 1662; x_wconf 84' lang='lat' dir='ltr'><strong>verbo·</strong></span> 
     </span>
     <span class='ocr_line' id='line_1_18' title="bbox 218 1691 1504 1749; baseline 0.001 -14"><span class='ocrx_word' id='word_1_125' title='bbox 218 1709 315 1735; x_wconf 90' lang='lat' dir='ltr'><strong>rum</strong></span> <span class='ocrx_word' id='word_1_126' title='bbox 347 1693 518 1749; x_wconf 85' lang='lat' dir='ltr'><strong>plebem</strong></span> <span class='ocrx_word' id='word_1_127' title='bbox 542 1692 622 1734; x_wconf 87' lang='lat' dir='ltr'><strong>sibi</strong></span> <span class='ocrx_word' id='word_1_128' title='bbox 649 1691 841 1733; x_wconf 84' lang='lat' dir='ltr'><strong>alliciens</strong></span> <span class='ocrx_word' id='word_1_129' title='bbox 887 1692 1080 1733; x_wconf 87' lang='lat' dir='ltr'><strong>omnium</strong></span> <span class='ocrx_word' id='word_1_130' title='bbox 1115 1691 1353 1736; x_wconf 81' lang='lat' dir='ltr'><strong>identidem</strong></span> <span class='ocrx_word' id='word_1_131' title='bbox 1394 1707 1504 1736; x_wconf 85' lang='lat' dir='ltr'><strong>ocu-</strong></span> 
     </span>
     <span class='ocr_line' id='line_1_19' title="bbox 217 1764 1504 1828; baseline -0.002 -15"><span class='ocrx_word' id='word_1_132' title='bbox 217 1770 286 1814; x_wconf 77' lang='lat' dir='ltr'><strong>los</strong></span> <span class='ocrx_word' id='word_1_133' title='bbox 334 1769 378 1810; x_wconf 88' lang='lat' dir='ltr'><strong>in</strong></span> <span class='ocrx_word' id='word_1_134' title='bbox 419 1782 462 1810; x_wconf 89' lang='lat' dir='ltr'><strong>se</strong></span> <span class='ocrx_word' id='word_1_135' title='bbox 505 1765 743 1819; x_wconf 86' lang='lat' dir='ltr'><strong>convertit,</strong></span> <span class='ocrx_word' id='word_1_136' title='bbox 783 1764 949 1826; x_wconf 85' lang='lat' dir='ltr'><strong>quippe</strong></span> <span class='ocrx_word' id='word_1_137' title='bbox 984 1765 1063 1828; x_wconf 81' lang='lat' dir='ltr'><strong>qui</strong></span> <span class='ocrx_word' id='word_1_138' title='bbox 1103 1766 1199 1809; x_wconf 85' lang='lat' dir='ltr'><strong>talis</strong></span> <span class='ocrx_word' id='word_1_139' title='bbox 1237 1767 1504 1812; x_wconf 87' lang='lat' dir='ltr'><strong>multitudini</strong></span> 
     </span>
     <span class='ocr_line' id='line_1_20' title="bbox 216 1830 1504 1900; baseline -0.002 -11"><span class='ocrx_word' id='word_1_140' title='bbox 216 1845 437 1889; x_wconf 83' lang='lat' dir='ltr'><strong>videretur</strong></span> <span class='ocrx_word' id='word_1_141' title='bbox 454 1874 467 1894; x_wconf 83' lang='lat'><strong>‚</strong></span> <span class='ocrx_word' id='word_1_142' title='bbox 498 1845 575 1900; x_wconf 89' lang='lat' dir='ltr'><strong>qui</strong></span> <span class='ocrx_word' id='word_1_143' title='bbox 607 1841 847 1900; x_wconf 82' lang='lat' dir='ltr'><strong>aliquando</strong></span> <span class='ocrx_word' id='word_1_144' title='bbox 865 1830 1044 1890; x_wconf 70' lang='lat' dir='ltr'><strong>‘fortiter</strong></span> <span class='ocrx_word' id='word_1_145' title='bbox 1062 1839 1165 1897; x_wconf 79' lang='lat' dir='ltr'><strong>jura</strong></span> <span class='ocrx_word' id='word_1_146' title='bbox 1196 1856 1271 1884; x_wconf 90' lang='lat' dir='ltr'><strong>sua</strong></span> <span class='ocrx_word' id='word_1_147' title='bbox 1312 1848 1504 1890; x_wconf 82' lang='lat' dir='ltr'><strong>tueretur</strong></span> 
     </span>
     <span class='ocr_line' id='line_1_21' title="bbox 217 1919 1504 1977; baseline -0.001 -12"><span class='ocrx_word' id='word_1_148' title='bbox 217 1931 260 1966; x_wconf 86' lang='lat' dir='ltr'><strong>et</strong></span> <span class='ocrx_word' id='word_1_149' title='bbox 285 1923 528 1970; x_wconf 82' lang='lat' dir='ltr'><strong>libertatem</strong></span> <span class='ocrx_word' id='word_1_150' title='bbox 557 1920 806 1969; x_wconf 70' lang='lat' dir='ltr'><strong>defenderet</strong></span> <span class='ocrx_word' id='word_1_151' title='bbox 845 1925 999 1963; x_wconf 88' lang='lat' dir='ltr'><strong>contra</strong></span> <span class='ocrx_word' id='word_1_152' title='bbox 1037 1919 1279 1976; x_wconf 86' lang='lat' dir='ltr'><strong>quamlibet</strong></span> <span class='ocrx_word' id='word_1_153' title='bbox 1314 1921 1504 1977; x_wconf 85' lang='lat' dir='ltr'><strong>optima-</strong></span> 
     </span>
     <span class='ocr_line' id='line_1_22' title="bbox 216 1992 1499 2057; baseline -0.005 -14"><span class='ocrx_word' id='word_1_154' title='bbox 216 2006 309 2043; x_wconf 86' lang='lat' dir='ltr'><strong>tum</strong></span> <span class='ocrx_word' id='word_1_155' title='bbox 338 1997 675 2057; x_wconf 77' lang='lat' dir='ltr'><strong>aggressionem3</strong></span> <span class='ocrx_word' id='word_1_156' title='bbox 720 1995 778 2039; x_wconf 76' lang='lat' dir='ltr'><strong>At</strong></span> <span class='ocrx_word' id='word_1_157' title='bbox 806 1995 972 2038; x_wconf 89' lang='lat' dir='ltr'><strong>utinam</strong></span> <span class='ocrx_word' id='word_1_158' title='bbox 1002 1994 1200 2039; x_wconf 82' lang='lat' dir='ltr'><strong>valuisset</strong></span> <span class='ocrx_word' id='word_1_159' title='bbox 1231 1993 1277 2037; x_wconf 89' lang='lat' dir='ltr'><strong>in</strong></span> <span class='ocrx_word' id='word_1_160' title='bbox 1305 1992 1390 2039; x_wconf 85' lang='lat' dir='ltr'><strong>Rei</strong></span> <span class='ocrx_word' id='word_1_161' title='bbox 1412 1995 1499 2038; x_wconf 88' lang='lat' dir='ltr'><strong>Pu·</strong></span> 
     </span>
     <span class='ocr_line' id='line_1_23' title="bbox 213 2070 1497 2118; baseline -0.004 -1"><span class='ocrx_word' id='word_1_162' title='bbox 213 2074 358 2118; x_wconf 73' lang='lat' dir='ltr'><strong>blieae</strong></span> <span class='ocrx_word' id='word_1_163' title='bbox 388 2074 567 2115; x_wconf 88' lang='lat' dir='ltr'><strong>salutem</strong></span> <span class='ocrx_word' id='word_1_164' title='bbox 601 2071 767 2113; x_wconf 79' lang='lat' dir='ltr'><strong>Aemilii</strong></span> <span class='ocrx_word' id='word_1_165' title='bbox 802 2070 942 2113; x_wconf 86' lang='lat' dir='ltr'><strong>Paulli</strong></span> <span class='ocrx_word' id='word_1_166' title='bbox 968 2075 1140 2118; x_wconf 85' lang='lat' dir='ltr'><strong>votum,</strong></span> <span class='ocrx_word' id='word_1_167' title='bbox 1185 2085 1209 2111; x_wconf 91' lang='lat'>«</span> <span class='ocrx_word' id='word_1_168' title='bbox 1233 2074 1280 2110; x_wconf 91' lang='lat' dir='ltr'><strong>ut</strong></span> <span class='ocrx_word' id='word_1_169' title='bbox 1309 2070 1382 2112; x_wconf 82' lang='lat' dir='ltr'><strong>cui</strong></span> <span class='ocrx_word' id='word_1_170' title='bbox 1405 2076 1497 2113; x_wconf 84' lang='lat' dir='ltr'><strong>tam</strong></span> 
     </span>
     <span class='ocr_line' id='line_1_24' title="bbox 213 2142 1496 2210; baseline -0.005 -16"><span class='ocrx_word' id='word_1_171' title='bbox 213 2155 419 2210; x_wconf 82' lang='lat' dir='ltr'><strong>prompta</strong></span> <span class='ocrx_word' id='word_1_172' title='bbox 453 2160 499 2193; x_wconf 88' lang='lat' dir='ltr'><strong>et</strong></span> <span class='ocrx_word' id='word_1_173' title='bbox 529 2146 755 2206; x_wconf 82' lang='lat' dir='ltr'><strong>temeraria</strong></span> <span class='ocrx_word' id='word_1_174' title='bbox 787 2146 935 2205; x_wconf 75' lang='lat' dir='ltr'><strong>lingua</strong></span> <span class='ocrx_word' id='word_1_175' title='bbox 965 2149 1081 2195; x_wconf 86' lang='lat' dir='ltr'><strong>erat,</strong></span> <span class='ocrx_word' id='word_1_176' title='bbox 1115 2155 1253 2200; x_wconf 87' lang='lat' dir='ltr'><strong>aeque</strong></span> <span class='ocrx_word' id='word_1_177' title='bbox 1276 2142 1323 2188; x_wconf 86' lang='lat' dir='ltr'><strong>in</strong></span> <span class='ocrx_word' id='word_1_178' title='bbox 1347 2158 1496 2203; x_wconf 83' lang='lat' dir='ltr'><strong>pugna</strong></span> 
     </span>
    </p>

    <p class='ocr_par' dir='ltr' id='par_1_2' title="bbox 755 2235 1497 2266">
     <span class='ocr_line' id='line_1_25' title="bbox 755 2235 1497 2266; baseline -0.001 0"><span class='ocrx_word' id='word_1_179' title='bbox 755 2235 759 2239; x_wconf 83' lang='grc'><em>·</em></span> <span class='ocrx_word' id='word_1_180' title='bbox 1432 2237 1497 2266; x_wconf 74' lang='lat' dir='ltr'><strong>vi-</strong></span> 
     </span>
    </p>
   </div>
   <div class='ocr_carea' id='block_1_2' title="bbox 213 2375 1495 2627">
    <p class='ocr_par' dir='ltr' id='par_1_3' title="bbox 261 2375 1313 2430">
     <span class='ocr_line' id='line_1_26' title="bbox 261 2375 1313 2430; baseline 0 -15"><span class='ocrx_word' id='word_1_181' title='bbox 261 2381 336 2428; x_wconf 76' lang='grc' dir='ltr'><strong>(ι)</strong></span> <span class='ocrx_word' id='word_1_182' title='bbox 362 2379 509 2430; x_wconf 86' lang='lat' dir='ltr'><strong>Dionys.</strong></span> <span class='ocrx_word' id='word_1_183' title='bbox 538 2379 655 2424; x_wconf 77' lang='lat' dir='ltr'><strong>Halio.</strong></span> <span class='ocrx_word' id='word_1_184' title='bbox 688 2379 815 2430; x_wconf 82' lang='lat' dir='ltr'><strong>Antiq.</strong></span> <span class='ocrx_word' id='word_1_185' title='bbox 841 2378 949 2418; x_wconf 88' lang='lat' dir='ltr'><strong>Rom.</strong></span> <span class='ocrx_word' id='word_1_186' title='bbox 973 2375 1041 2418; x_wconf 84' lang='lat' dir='ltr'><strong>lib.</strong></span> <span class='ocrx_word' id='word_1_187' title='bbox 1062 2376 1113 2422; x_wconf 72' lang='lat' dir='ltr'><strong>V,</strong></span> <span class='ocrx_word' id='word_1_188' title='bbox 1149 2388 1230 2427; x_wconf 76' lang='lat' dir='ltr'><strong>cap,</strong></span> <span class='ocrx_word' id='word_1_189' title='bbox 1256 2378 1313 2422; x_wconf 77' lang='lat'><strong>73.</strong></span> 
     </span>
    </p>

    <p class='ocr_par' dir='ltr' id='par_1_4' title="bbox 213 2439 1495 2627">
     <span class='ocr_line' id='line_1_27' title="bbox 251 2439 1495 2496; baseline 0 -15"><span class='ocrx_word' id='word_1_190' title='bbox 251 2439 336 2493; x_wconf 56' lang='grc' dir='ltr'><strong>Δ(α)</strong></span> <span class='ocrx_word' id='word_1_191' title='bbox 361 2444 458 2481; x_wconf 81' lang='lat' dir='ltr'><strong>l&#39;lut.</strong></span> <span class='ocrx_word' id='word_1_192' title='bbox 491 2446 528 2481; x_wconf 86' lang='lat' dir='ltr'><strong>in</strong></span> <span class='ocrx_word' id='word_1_193' title='bbox 562 2443 670 2493; x_wconf 66' lang='lat' dir='ltr'><strong>Fabii</strong></span> <span class='ocrx_word' id='word_1_194' title='bbox 712 2445 788 2482; x_wconf 81' lang='lat' dir='ltr'><strong>vita</strong></span> <span class='ocrx_word' id='word_1_195' title='bbox 827 2455 907 2494; x_wconf 80' lang='lat' dir='ltr'><strong>cap.</strong></span> <span class='ocrx_word' id='word_1_196' title='bbox 928 2446 962 2488; x_wconf 70' lang='grc' dir='ltr'><strong>ά.</strong></span> <span class='ocrx_word' id='word_1_197' title='bbox 1009 2442 1137 2496; x_wconf 77' lang='lat' dir='ltr'><strong>Polyb.</strong></span> <span class='ocrx_word' id='word_1_198' title='bbox 1176 2440 1241 2481; x_wconf 86' lang='lat' dir='ltr'><strong>lib.</strong></span> <span class='ocrx_word' id='word_1_199' title='bbox 1259 2444 1293 2479; x_wconf 78' lang='lat'><strong>3.</strong></span> <span class='ocrx_word' id='word_1_200' title='bbox 1330 2454 1412 2494; x_wconf 80' lang='lat' dir='ltr'><strong>cap.</strong></span> <span class='ocrx_word' id='word_1_201' title='bbox 1435 2447 1495 2488; x_wconf 79' lang='grc'><strong>87.</strong></span> 
     </span>
     <span class='ocr_line' id='line_1_28' title="bbox 213 2497 1490 2558; baseline -0.001 -12"><span class='ocrx_word' id='word_1_202' title='bbox 213 2512 350 2546; x_wconf 77' lang='lat' dir='ltr'><strong>Contra</strong></span> <span class='ocrx_word' id='word_1_203' title='bbox 381 2507 648 2547; x_wconf 66' lang='lat' dir='ltr'><strong>,Tribuniciam</strong></span> <span class='ocrx_word' id='word_1_204' title='bbox 688 2515 910 2558; x_wconf 76' lang='lat' dir='ltr'><strong>potestatem</strong></span> <span class='ocrx_word' id='word_1_205' title='bbox 958 2497 1147 2546; x_wconf 71' lang='lat' dir='ltr'><strong>interdum</strong></span> <span class='ocrx_word' id='word_1_206' title='bbox 1184 2506 1289 2548; x_wconf 31' lang='lat' dir='ltr'><strong>nihil!</strong></span> <span class='ocrx_word' id='word_1_207' title='bbox 1313 2508 1490 2546; x_wconf 77' lang='lat' dir='ltr'><strong>valebant</strong></span> 
     </span>
     <span class='ocr_line' id='line_1_29' title="bbox 215 2572 1385 2627; baseline -0.001 -16"><span class='ocrx_word' id='word_1_208' title='bbox 215 2572 425 2611; x_wconf 63' lang='lat' dir='ltr'><strong>Dictator-es</strong></span> <span class='ocrx_word' id='word_1_209' title='bbox 450 2573 498 2614; x_wconf 80' lang='lat' dir='ltr'><strong>cs.</strong></span> <span class='ocrx_word' id='word_1_210' title='bbox 525 2573 647 2613; x_wconf 76' lang='lat' dir='ltr'><strong>Livius</strong></span> <span class='ocrx_word' id='word_1_211' title='bbox 686 2573 750 2618; x_wconf 78' lang='lat' dir='ltr'><strong>tib.</strong></span> <span class='ocrx_word' id='word_1_212' title='bbox 775 2575 817 2614; x_wconf 84' lang='lat'><strong>8.·</strong></span> <span class='ocrx_word' id='word_1_213' title='bbox 836 2585 916 2620; x_wconf 66' lang='lat' dir='ltr'><strong>pap.</strong></span> <span class='ocrx_word' id='word_1_214' title='bbox 943 2575 997 2615; x_wconf 83' lang='grc'><strong>38.</strong></span> <span class='ocrx_word' id='word_1_215' title='bbox 1025 2580 1064 2613; x_wconf 90' lang='lat' dir='ltr'><strong>et</strong></span> <span class='ocrx_word' id='word_1_216' title='bbox 1093 2572 1158 2619; x_wconf 76' lang='lat' dir='ltr'><strong>lib.</strong></span> <span class='ocrx_word' id='word_1_217' title='bbox 1183 2583 1214 2620; x_wconf 84' lang='lat'><strong>7.</strong></span> <span class='ocrx_word' id='word_1_218' title='bbox 1245 2584 1326 2627; x_wconf 75' lang='lat' dir='ltr'><strong>cap.</strong></span> <span class='ocrx_word' id='word_1_219' title='bbox 1350 2575 1385 2619; x_wconf 75' lang='lat'><strong>4.</strong></span> 
     </span>
    </p>
   </div>
  </div>
 </body>
</html>
