1974 3344
990 280 1195 328 -a-
1258 335 1270 349 ⁹

441 405 504 451 do
526 405 645 456 illos.
675 418 868 464 quorum
889 403 1094 465 operibus
1118 403 1184 448 usi
1205 415 1372 459 sumus,
1401 415 1541 462 quum
1559 411 1604 451 et
1629 406 1744 472 mul,-

443 487 591 553 torum
618 482 805 527 aliorum
832 483 1073 529 celebrium
1096 488 1327 548 auctorum
1349 494 1483 539 opera
1505 463 1739 534 extiterint,

445 570 567 615 quae
611 560 760 603 omnia
807 546 1011 618 temporis
1048 558 1209 618 injuria
1242 539 1508 603 interierunt.
1569 557 1745 623 Praeter

447 631 682 694 Polybium
719 636 860 687 enim,
892 636 1061 679 Livium
1100 636 1320 693 aliosque,
1350 649 1462 694 quos
1494 634 1607 678 infra
1632 635 1747 678 cita·

451 710 537 763 bo,
568 713 648 769 qui
676 710 900 760 historiam
923 710 1033 755 Belli
1059 711 1214 755 Punici
1241 710 1435 758 Secundi
1460 718 1748 771 exposuerunt

451 794 529 830 aut
559 788 669 831 vitas
708 779 879 839 tantuin
916 787 1087 845 aliquot
1120 787 1287 833 ducum
1313 788 1658 847 descripserunt,
1689 790 1748 834 Μ.

449 863 636 910 Porcius
661 862 802 918 Cato,
831 870 939 908 teste
972 862 1174 909 Cornelio
1200 864 1367 924 Nepote
1382 895 1397 919 ‚
1435 866 1483 911 in
1518 865 1748 925 Originum

452 942 570 989 libro
598 943 785 1004 quinto,
817 941 1041 986 historiam
1069 941 1180 986 Belli
1215 942 1370 987 Punici
1395 943 1453 986 11.
1483 944 1680 1011 exposuit
1705 950 1751 989 et

457 1019 518 1064 M.
535 1019 757 1063 Terentius
781 1015 946 1069 Varro,
979 1016 1105 1077 cujus
1126 1017 1260 1063 libros
1283 1017 1339 1065 de
1369 1020 1487 1063 Bello
1509 1007 1675 1064 Punico
1692 1020 1751 1065 11.

457 1095 709 1140 Priscianus
728 1095 905 1147 laudat,
938 1093 1101 1153 aliique
1127 1096 1358 1155 scriptores
1377 1095 1557 1156 majoris
1577 1104 1652 1141 aut
1672 1097 1755 1145 mi-

457 1173 578 1216 noris
605 1171 829 1214 momenti.

514 1248 663 1324 'Primo
692 1248 796 1292 loco
826 1246 1057 1314 ponendus
1083 1251 1150 1321 est

893 1415 920 1445 r
946 1416 976 1467 o
1002 1416 1028 1445 ι
1060 1415 1088 1460 r
1116 1414 1142 1471 ,⁸
1174 1414 1192 1443 1
1221 1412 1249 1472 ιι
1277 1414 1326 1455 s,
1350 1454 1352 1456 V

462 1553 709 1628 exemplum
738 1551 849 1597 illud
878 1553 1074 1598 omnium
1113 1552 1417 1598 historicorum
1431 1582 1445 1606 ,
1477 1568 1608 1612 quem
1637 1555 1762 1623 Stra-

466 1632 529 1676 bo
563 1631 667 1692 jure
710 1637 842 1676 vocat
874 1615 1004 1688 anapia
1046 1631 1289 1686 affidantes,
1333 1645 1556 1690 quemque
1603 1639 1648 1676 et
1686 1615 1760 1678 Ci-

467 1722 573 1754 cero
613 1714 659 1752 et
701 1708 843 1752 Livius
867 1707 1035 1774 bonum
1078 1712 1214 1770 atque
1258 1720 1350 1751 non
1391 1683 1761 1755 contemnendum

473 1791 699 1830 auctorem
731 1792 917 1836 vocant,
949 1777 1043 1828 tum
1072 1784 1266 1828 omnium
1290 1798 1433 1827 rerum
1462 1785 1762 1830 Romanarum

470 1854 565 1906 tum
590 1861 827 1920 praecipue
851 1853 898 1904 in
930 1860 1110 1904 Graecia
1141 1866 1356 1917 gestarum
1384 1857 1493 1919 (ι).
1553 1861 1587 1904 E
1611 1853 1765 1905 recen-'-

467 1937 655 2005 tior-ibus
694 1944 762 1981 sat
804 1936 884 1981 erit
922 1951 1058 1981 unum
1088 1934 1477 1994 Wyttenhachium
1521 1938 1763 1982 nominasse

468 2016 529 2061 de
570 2015 756 2075 Polybio
790 2014 1028 2058 dicentem.
1085 2031 1111 2060 «
1135 2013 1237 2060 Veri
1273 2013 1514 2072 quaerendi
1554 2020 1598 2057 et
1633 2014 1768 2059 libere

473 2114 497 2141 ι(
520 2085 758 2152 profitendi
795 2092 986 2134 studium
1024 2091 1312 2135 acerrimum.
1357 2084 1553 2150 ejusdem
1591 2106 1618 2135 a
1657 2080 1767 2136 falso

475 2189 499 2217 κ
523 2168 798 2215 discernendi
827 2183 930 2213 cum
960 2182 1010 2212 ex
1040 2181 1182 2211 rerum
1206 2182 1311 2228 usu,
1346 2173 1439 2211 tum
1468 2182 1520 2214 ex
1545 2168 1768 2219 literarum

464 2244 503 2295 ἰ(
527 2247 706 2291 scientia
740 2238 783 2290 et
811 2246 929 2290 omni
961 2238 1192 2318 doctrina,
1228 2238 1450 2317 judicium
1486 2232 1667 2291 subtile.
1700 2247 1768 2289 fa-

478 2344 504 2371 «
528 2315 699 2368 ctorum
751 2317 1071 2381 eventuumque
1113 2323 1390 2382 sagacissima
1435 2323 1698 2395 explicatio,
1744 2338 1770 2366 c

478 2416 502 2464 ι(
529 2393 669 2465 causis
698 2395 1008 2476 principiisque
1049 2400 1135 2442 suis
1162 2399 1372 2472 repetita3
1409 2399 1497 2443 sive
1530 2397 1614 2443 hae
1644 2414 1774 2444 caus-

1655 2498 1679 2525 «
1702 2492 1775 2522 Sae

527 2593 573 2643 (ι
593 2591 607 2639 )
630 2590 720 2632 vid.
745 2590 823 2650 cip,
842 2589 890 2630 de
921 2591 1062 2642 officiis
1095 2591 1161 2650 ιιι).
1186 2594 1221 2634 a.
1256 2600 1341 2650 cap.
1368 2591 1426 2630 32.
1459 2589 1584 2650 Livias
1618 2591 1686 2645 ιιι».
1716 2584 1790 2630 33“

477 2669 559 2723 ΡΒ·
586 2670 639 2698 ““·
