1974 3344
817 284 1048 328 -59-

277 404 386 457 lauit,
416 405 619 464 collegit.
649 406 789 452 itaut
825 405 1038 452 Venusiae
1057 404 1155 464 jam
1184 404 1564 463 quinquerm'iflia·

243 524 245 526 .
275 482 459 526 militum
486 483 566 526 sub
600 483 729 540 signis
755 482 935 526 haberet
967 480 1073 539 (ι).
1130 481 1356 526 Consulem
1378 481 1549 527 Roma—

275 572 381 607 num
408 560 660 606 invenerunt
699 559 835 616 legati
870 557 1080 617 Campani
1097 589 1112 607 ‚
1141 557 1397 601 nunciantes
1425 573 1550 603 sena-

272 639 376 682 tum.
404 634 702 691 populumque
742 634 1011 693 Campanum
1054 647 1182 692 aegre
1241 632 1376 685 ferre,
1425 635 1551 691 quod

271 710 439 758 adversi
473 710 642 768 aliquid
680 709 892 756 Romanis
932 711 1169 756 accidisset.
1203 711 1438 772 omniaque
1476 711 1552 754 of·

267 786 469 838 ferentes,
514 787 672 844 quibus
692 814 696 817 v
720 787 945 836 Romanos
968 788 1124 846 juvare
1154 794 1341 845 possent.
1378 830 1381 833 ,
1414 788 1542 833 Hisce

266 861 407 909 Varro
461 864 646 921 patriae.
671 879 774 908 mae
827 864 1128 909 conditionem
1172 862 1435 921 exponendo
1474 865 1543 908 ni-

262 939 430 995 misque
470 939 643 980 cladem
687 938 933 995 detegendo
950 968 963 988 ‚
1006 939 1144 995 magis
1171 938 1379 981 damnum
1409 954 1553 995 quam:

260 1016 434 1066 lucrum
463 1014 628 1060 civitati
652 1014 826 1065 attulit,
864 1022 954 1058 non
988 1014 1104 1058 enim
1142 1013 1300 1056 auxilia
1334 1013 1541 1072 petebat,

259 1091 463 1149 exigebat
481 1106 596 1136 ,vero
627 1098 676 1135 ut
703 1097 841 1135 totum
868 1103 1015 1152 paene*
1032 1090 1196 1135 bellum
1223 1089 1433 1150 Campani
1459 1105 1542 1150 pro

259 1168 473 1214 Romanis
495 1170 759 1227 susciperent
780 1167 895 1227 (2).
930 1204 933 1208 .

315 1245 472 1303 Copias
497 1261 600 1290 suas
628 1246 835 1303 deinceps
864 1244 1095 1290 Canusium
1119 1242 1413 1288 traduxitubi
1433 1243 1546 1292 Sci..

257 1322 333 1378 pio
373 1319 423 1366 et*
457 1323 546 1382 Ap.
594 1322 798 1365 Claudius
843 1321 1018 1365 Tribuni
1042 1320 1314 1369 militum-iis
1337 1321 1545 1379 impera·-

256 1398 394 1448 bant,-
426 1399 502 1457 qui
529 1413 581 1442 ex
609 1398 721 1442 binis
749 1399 899 1443 castris
941 1398 1171 1453 Canusium
1199 1396 1397 1455 fugerant
1424 1398 1532 1457 (5).

252 1475 424 1517 Canusii
466 1490 570 1532 ergo
607 1489 742 1531 quum
789 1475 925 1520 Varro
960 1480 1095 1526 esset,
1141 1473 1384 1519 Consulari.
1416 1489 1531 1532 quo·

253 1551 492 1594 dammodo
530 1551 737 1598 exercitui
768 1565 911 1594 rursus
950 1555 1148 1607 praeerat
1164 1580 1177 1600 ,
1209 1549 1542 1601 decemmillia.

248 1626 338 1670 fere
377 1627 561 1670 militum
613 1626 691 1669 sub
713 1663 715 1665 .
742 1627 872 1683 signis
922 1625 1088 1686 habens
1112 1657 1125 1679 ,
1153 1636 1160 1645 ·
1183 1640 1338 1683 quum.
1362 1628 1530 1678 litteras

249 1701 440 1746 Romam
497 1702 639 1754 misit,
684 1701 843 1760 quibus
894 1714 939 1745 se
993 1703 1157 1745 salvum
1211 1700 1385 1745 Canusii
1412 1717 1532 1748 nun-

244 1782 407 1824 ciaret.
451 1780 576 1837 quasi
616 1793 640 1821 e
683 1779 914 1835 naufragio
952 1779 1159 1835 reliquias
1196 1780 1410 1826 exercitus
1433 1781 1529 1834 col-

238 1853 443 1916 ligentem
459 1887 471 1908 ‚
503 1854 701 1899 Paullum
729 1869 831 1900 vero
859 1854 1076 1913 collegam
1109 1846 1271 1914 magna
1295 1870 1397 1907 cum
1421 1871 1527 1916 par-

240 1940 284 1977 te
321 1934 531 1978 exereitus
573 1945 775 1982 caesum,
824 1931 1203 1989 Hannibalemque
1231 1933 1306 1987 „ad
1351 1933 1521 1978 Cannas

240 2012 388 2055 sedere
416 2009 533 2067 (4).
592 2007 722 2052 Hisce
750 2007 900 2051 litteris
927 2008 1098 2063 Romae
1124 2008 1245 2051 lectis
1285 2017 1327 2051 et
1358 2009 1521 2054 Senatu

237 2089 490 2146 populoque
516 2084 782 2128 conditionis
795 2098 937 2127 rerum
962 2083 1146 2128 certiore
1171 2083 1316 2136 facto,
1343 2098 1525 2129 censue-

235 2172 336 2209 runt
364 2165 513 2207 Patres
540 2162 594 2205 Μ.
622 2160 854 2204 Claudium
882 2160 1131 2203 Marcellum
1155 2167 1399 2217 praetorem
1423 2162 1537 2206 Ca'-⁴

231 2242 402 2304 nusium
429 2238 691 2285 mittendum
727 2227 1093 2296 scribendumque
1116 2235 1318 2291 consuli,
1347 2244 1396 2282 ut
1427 2245 1519 2283 tra-

1438 2316 1516 2360 di-

279 2431 353 2479 (ι)
376 2427 455 2469 Liv.
478 2425 545 2469 lib.
566 2441 620 2466 aa.
654 2439 735 2478 cap.
763 2430 818 2473 54.

280 2495 296 2547 (
308 2490 354 2538 s)
375 2490 454 2531 Liv.
478 2490 542 2530 lib.
563 2496 619 2531 23.
641 2504 724 2544 cap.
746 2495 778 2535 5,

273 2553 346 2603 (3)
371 2555 446 2594 Liv.
473 2554 539 2596 lib.
559 2570 615 2597 22.
636 2570 705 2607 cap
741 2561 799 2595 53.

274 2622 344 2673 (4)
368 2621 443 2661 mv.
468 2619 535 2663 lib.
553 2634 610 2661 ss.
634 2635 713 2675 cap.
736 2624 792 2662 56.
