1974 3344
882 348 1110 407 -32-

344 485 458 528 filius
493 484 571 541 qui
600 485 753 536 ‘nostri
785 485 995 530 Varronis
1034 485 1203 531 videtur
1233 486 1361 531 finisse
1391 495 1440 530 ut
1478 486 1666 536 confir-'-v

343 569 468 607 mant
494 563 689 614 Tabulae
715 561 1038 628 Triumphales,
1069 569 1114 609 et
1137 563 1215 623 qui
1247 564 1318 610 avi
1353 564 1453 609 Auli
1482 564 1645 611 Teren-

342 640 395 684 tii
444 640 654 688 Varronis
704 653 972 699 praenomen
1011 641 1184 699 gessisse
1234 642 1523 697 existimatur-3
1566 640 1641 687 hic

341 717 597 776 Hispaniam
639 716 892 761 citeriorem
936 715 1096 767 Consul
1147 718 1323 762 sortitus
1360 733 1476 763 anno
1520 718 1665 763 Urbis

341 793 444 838 569.
486 793 671 838 feliciter
710 797 867 836 contra
919 790 1159 837 CeltiBeros
1195 807 1288 838 rem
1327 794 1643 840 administravit

341 875 477 927 atque
522 882 658 913 ovans
699 867 855 911 urbem
901 868 1077 913 intravit
1111 868 1235 928 (ι),
1280 884 1373 927 qua
1408 872 1644 915 occasione

340 946 529 989 multum
558 959 715 988 aurum
745 952 790 989 et
827 951 1056 1004 argentum
1090 939 1328 1003 aureasque
1366 959 1553 989 coronas
1582 945 1642 1004 (e

343 1022 506 1082 quibus
529 1021 699 1071 denarii
732 1022 791 1067 ad
833 1021 1176 1066 remunerandos
1214 1021 1429 1069 orationis
1462 1022 1644 1067 comites

344 1098 473 1157 cusi)
503 1098 780 1142 transtulerat
812 1096 920 1156 (2).

369 1165 373 1172 s
399 1175 679 1220 Doctissimus
720 1173 896 1231 insuper
923 1172 1024 1225 ille,
1056 1160 1135 1231 qui
1168 1160 1458 1219 ‘elarinimum
1482 1170 1645 1221 nomen

343 1252 518 1296 sortitus
543 1256 606 1294 est
635 1255 680 1294 et
702 1263 730 1292 a
761 1247 975 1293 Cicerone
996 1250 1384 1308 πολυγραφώτατος
1413 1250 1500 1310 (5)
1532 1266 1657 1295 nun-

340 1333 553 1387 cupatur,
585 1326 643 1369 11.
667 1325 891 1369 Terentius
918 1324 1062 1373 Varro
1087 1340 1140 1369 ex
1161 1325 1249 1370 hac
1276 1332 1404 1383 gente
1433 1328 1644 1386 originem

339 1405 499 1458 traxit3
544 1403 664 1448 hunc
709 1402 892 1446 tradunt
939 1401 1069 1446 fuisse
1122 1409 1328 1460 nepotem
1371 1403 1422 1450 C.
1459 1405 1647 1449 Terentii

338 1481 549 1526 Varronis
581 1479 668 1536 (4)
698 1479 919 1529 Consulis.
951 1493 1224 1536 quamquam
1254 1481 1395 1527 Varro
1422 1466 1516 1538 ipse
1551 1480 1642 1524 hoc

340 1558 496 1601 nullibi
526 1557 743 1607 affirmat,
785 1555 986 1600 confiteri
1010 1555 1190 1599 fortasse
1228 1557 1405 1608 nolens,
1442 1571 1533 1607 sese
1572 1571 1643 1600 es-

339 1649 385 1678 re
424 1640 631 1692 nepotem
652 1676 656 1682 ,
677 1633 799 1676 istius
832 1633 940 1684 viri,
990 1633 1069 1691 qui
1107 1647 1248 1691 paene
1286 1632 1478 1691 patriam
1516 1647 1640 1677 suam

340 1712 390 1754 in
413 1711 652 1769 perniciem
686 1709 964 1764 adduxerat3
1009 1709 1106 1752 Fuit
1146 1709 1220 1754 hic
1256 1702 1399 1757 V'arro
1427 1711 1502 1753 ille
1529 1710 1642 1754 doc-

341 1788 528 1830 tissimus
565 1787 792 1829 Ciceronis
829 1787 1047 1843 aequalis,
1080 1787 1159 1842 qui
1182 1785 1300 1829 bello
1325 1787 1517 1830 Pii-atico
1558 1787 1641 1830 sub

338 1863 557 1923 Pompejo
601 1862 822 1912 militans,
868 1862 1045 1906 nornine
1083 1862 1439 1919 Proquaestoris‚
1492 1864 1639 1906 navali

339 1954 507 1984 corona
547 1926 737 1982 donatus
772 1945 835 1981 est
864 1940 985 1995 (5).
1060 1939 1240 1983 Praeter
1280 1940 1360 1983 hos
1397 1938 1524 1982 nobis
1563 1954 1643 1982 oc-

338 2016 474 2062 currit
515 2017 573 2061 A.
601 2014 824 2060 Terentius
862 2015 1004 2062 Varro
1048 2015 1224 2065 Murena
1241 2045 1253 2068 ,
1285 2014 1364 2074 qui
1401 2015 1449 2060 in
1479 2015 1640 2060 Teren-

1534 2093 1639 2136 tiam

378 2199 459 2249 (ι)
482 2197 564 2238 Liv-
587 2197 656 2236 lib.
674 2201 733 2247 39.
756 2205 837 2248 cap.
851 2199 910 2236 56.
934 2192 1004 2240 lib.
1021 2201 1079 2244 49.
1101 2209 1187 2249 cap.
1211 2202 1268 2242 ¹6·

384 2267 463 2317 (2)
485 2265 566 2306 Liv.
590 2263 647 2303 lib
676 2268 735 2308 4⁰·
767 2275 849 2315 cap.
871 2267 927 2302 16.
961 2262 1128 2302 Vsillant
1151 2262 1192 2300 iu
1223 2276 1285 2314 op.
1310 2260 1467 2300 Nummi
1490 2261 1635 2313 antiqui

332 2333 471 2372 Famit.
503 2333 613 2372 Rom.
646 2331 828 2371 Tom.11.
863 2342 951 2382 pag.
976 2331 1057 2379 466Ἶ
1091 2336 1131 2366 et
1164 2328 1320 2380 Pighius
1354 2328 1494 2370 Annal.
1524 2329 1631 2371 Rom.

330 2396 402 2436 lib.
430 2411 483 2436 ιο.

377 2465 457 2514 (3)
488 2463 562 2504 Cic.
585 2462 772 2500 in'Bruto
800 2473 883 2512 cap,
903 2463 959 2502 56.

381 2529 458 2579 (4)
487 2529 633 2567 Simson
650 2556 662 2576 ‚
695 2527 907 2566 Chronicon
936 2523 1156 2565 catholicon
1171 2552 1184 2570 ,
1214 2524 1438 2564 assentiente
1475 2525 1629 2568 Wesse-

329 2595 475 2646 lingio,
499 2595 647 2632 nullum
671 2601 801 2631 tamen
826 2598 961 2630 testem
985 2590 1157 2629 afferens.

379 2664 459 2712 (5)
491 2660 713 2712 Appianas,
741 2659 788 2697 de
816 2657 917 2697 bello
935 2655 1188 2697 Mithridatico
1216 2668 1297 2709 cap.
1310 2659 1367 2710 9⁵·
1399 2662 1439 2694 et
1461 2656 1631 2704 Vaillqnt

328 2740 445 2781 opere
467 2725 572 2766 laud·
