1974 3344
396 426 521 476 liberi
560 425 841 477 mittebantur
869 427 915 469 in
946 425 1073 476 ludos
1109 426 1349 475 lsterarios,
1394 429 1471 485 qui
1506 431 1551 480 in
1596 433 1693 488 foi-q

393 503 439 551 in
469 502 659 552 tabernis
691 509 816 557 erant
850 519 901 563 μ
926 503 976 560 ),
1008 504 1054 546 in
1080 503 1237 561 quibus
1269 504 1414 561 plures
1448 501 1583 554 unius'
1612 524 1692 558 cu,-

392 594 467 622 rae
496 579 826 636 mandabantur
852 587 985 643 atque
1010 595 1034 623 a
1063 581 1277 639 magistris
1313 580 1589 623 scientiarum
1615 567 1696 639 pe<

389 657 483 700 ritis
510 656 840 710 formabantur;
872 657 1126 713 Exemplum
1164 657 1377 716 ejusmodi
1413 657 1692 710 institutionis

391 732 605 785 habemus
638 733 737 791 jam
776 732 898 790 apud
945 732 1135 778 Faliscos
1176 741 1220 777 et
1257 740 1362 776 nota
1409 735 1592 779 Historia
1631 743 1694 780 est

390 810 610 869 magistri,
644 810 721 867 qui
757 809 1004 867 principum
1028 808 1214 853 civitatis
1243 809 1403 863 liberos
1429 811 1474 854 in
1503 818 1695 869 potesta-

395 893 484 930 tem
517 869 688 943 =Camilli
725 886 928 934 tradebat
962 887 1017 945 (2
1036 884 1053 942 )
1072 917 1083 936 ‚
1116 887 1298 933 alterum
1337 889 1581 946 exemplum
1610 874 1696 932 uoss

390 963 460 1007 bis
495 963 669 1020 exhibet
714 963 859 1021 Livius
902 962 1102 1019 tradens,
1148 948 1404 1016 Camillum,>
1447 964 1598 1008 urbem
1625 966 1695 1009 in-

392 1055 586 1106 gressum
613 1040 956 1097 Tusculanorum
985 1041 1169 1093 audiisse
1195 1042 1324 1086 ludos
1346 1042 1564 1091 literarum
1586 1049 1693 1085 stre-

390 1126 545 1176 pentes
583 1117 844 1160 discentium
878 1115 1056 1162 vocibus
1089 1116 1209 1172 (5);
1254 1118 1316 1170 sic
1354 1119 1486 1169 etiam
1513 1119 1694 1176 legimus

388 1195 526 1236 filiam
561 1193 608 1235 L.
646 1192 989 1248 Virginii‚,cum
1015 1192 1184 1238 nutrice
1220 1193 1266 1235 in
1302 1193 1442 1237 forum
1469 1196 1700 1256 prodeun-¹

392 1272 480 1321 tem
512 1284 537 1312 a
565 1270 620 1312 Μ.
652 1267 863 1320 Claudio,
898 1268 1029 1326 Appii
1059 1268 1229 1317 Claudii
1256 1271 1416 1319 cliente
1444 1272 1489 1315 in
1514 1275 1694 1326 servitur

388 1354 475 1389 tem
505 1352 709 1389 assertam
743 1359 833 1389 esse
864 1347 924 1401 (4
944 1358 993 1399 );
1025 1347 1093 1389 An
1118 1360 1220 1390 vero
1249 1346 1300 1391 C.
1330 1346 1550 1394 Terentius
1579 1350 1690 1396 Var-

386 1438 438 1466 ro
476 1423 520 1465 in
560 1421 692 1468 hosce
735 1422 863 1465 ludos
899 1422 1112 1464 literarios
1141 1424 1410 1466 ventitaverit
1452 1431 1586 1481 atque
1626 1427 1688 1469 ita

388 1490 554 1543 artibus
587 1498 860 1550 liberalibus,
893 1499 1045 1555 quales
1074 1505 1178 1545 tunc
1209 1502 1413 1556 temporis
1439 1507 1587 1552 erant,
1619 1502 1689 1544 in-

388 1590 410 1619 s
431 1577 563 1618 itutus
596 1575 672 1626 sit.
706 1581 768 1617 est
800 1575 923 1631 quod
954 1573 1081 1617 valde
1119 1573 1387 1624 dubitemus,
1419 1575 1688 1630 credendum

391 1653 540 1712 potius
562 1658 643 1703 est,
670 1657 841 1709 patrem
865 1651 947 1708 sibi
970 1649 1109 1693 filium
1133 1650 1178 1699 in
1203 1664 1279 1693 sua
1305 1650 1441 1694 victus
1463 1665 1686 1707 quaeren-

394 1730 441 1788 di
470 1730 639 1780 ratione
670 1728 947 1787 destinavisse
987 1740 1276 1778 successorem
1301 1741 1384 1774 nec
1412 1728 1563 1771 altiora
1589 1728 1686 1786 spi·

396 1808 554 1850 ravisse
569 1838 580 1858 ,
614 1812 719 1851 teste
749 1805 862 1848 enim
880 1804 998 1846 Livio
1013 1835 1026 1853 .
1056 1810 1182 1860 pater
1207 1805 1345 1857 lanius
1367 1803 1460 1851 filio
1485 1805 1533 1847 in·
1549 1805 1688 1860 servili

393 1898 501 1926 suae
541 1883 645 1925 artis
672 1881 908 1924 ministerio
937 1894 1034 1921 usus
1067 1887 1145 1924 est.

449 1961 623 2008 Mortuo
652 1964 775 2015 patre
798 1956 984 2014 juvenili
1010 1955 1156 1999 adhuc
1185 1962 1328 2000 aetate
1355 1961 1472 2007 erat,
1504 1955 1580 1999 sed
1606 1957 1686 1999 ad-

389 2037 570 2081 modum
601 2035 722 2092 dives
757 2040 941 2090 paterno
974 2040 1181 2089 quaestu,
1217 2033 1439 2090 vigilantia
1479 2038 1523 2074 et
1550 2034 1687 2090 parsi-

387 2114 534 2171 monia
583 2112 695 2170 (5).
757 2110 874 2169 Quid
927 2111 1084 2166 mirum
1103 2142 1116 2165 ,
1164 2109 1431 2154 adolescenti
1478 2110 1685 2168 opulento

1573 2187 1685 2236 mub

435 2309 449 2354 (
471 2305 512 2350 ι)
543 2303 621 2341 Liv.
656 2299 722 2342 lib.
742 2303 777 2340 3.
808 2311 889 2352 cap.
905 2303 960 2347 44.
992 2298 1106 2339 Dion.
1131 2297 1317 2338 Halicarn.
1351 2296 1543 2338 Archaeol.
1575 2298 1681 2348 Rom,

380 2372 446 2410 lib.
473 2385 525 2407 11.

433 2437 512 2486 (ο)
537 2432 611 2470 Liv.
635 2429 699 2468 lib·
721 2432 754 2467 5.
783 2439 853 2478 cap
888 2440 942 2474 ¹7·

433 2500 511 2549 (3)
538 2497 615 2534 Liv.
648 2494 716 2533 lib.
741 2495 777 2531 6.
810 2504 889 2543 cap.
914 2492 972 2527 25.

432 2562 512 2612 (4)
539 2559 615 2597 Liv.
641 2557 755 2604 lib.4.
781 2569 863 2610 cap.
883 2558 943 2600 44.

431 2627 513 2679 (5)
538 2624 616 2665 ΕΝ.
641 2622 707 2663 lib.
731 2636 787 2662 υ.
817 2634 895 2678 cqp.
922 2622 978 2667 26,
